"PREDICTION_RESULT"
"[
  {
    ""key"": ""unmatched_item_info"",
    ""value"": ""[]""
  },
  {
    ""key"": ""embedding_matching_df"",
    ""value"": ""{\""EGGPLANT\"": {\""Bimbo Large White Bread (24 oz)\"": 0.20652025794340773, \""White B Size Potatoes (each)\"": 0.29987894365646967, \""Red Onion (each)\"": 0.33476493524988304, \""Green Okra (per lb)\"": 0.2989272770440797, \""Organic Roma Tomato \"": 0.34969914412139336, \""Green Bell Pepper\"": 0.40660043499323034, \""Organic Bananas (bunch)\"": 0.25467679503575635, \""Guerrero Whole Wheat Flour Tortillas (24 ct)\"": 0.143179687222663, \""First Street All Purpose Vegetable Oil (48 oz)\"": 0.256299846861854, \""Checkers Rally's Famous Seasoned Fries (48 oz)\"": 0.19660701188581917, \""Cilantro (bunch)\"": 0.22097275505052602, \""First Street Vitamin D Added Milk (1 gal)\"": 0.1832583904977277, \""Cheetos Flamin' Hot Crunchy Party Size Cheese Flavored Snacks (15 oz)\"": 0.15336172880141238, \""Eggplant (pack)\"": 0.6496329327530532, \""Jalapeno Pepper (each)\"": 0.3219155141249059, \""Bag Fee\"": 0.0, \""Bottle Deposit aka CRV\"": 0.0, \""Unknown Item\"": 0.2563500131613423}, \""CILANTRO\"": {\""Bimbo Large White Bread (24 oz)\"": 0.1746012516803806, \""White B Size Potatoes (each)\"": 0.21073304437414805, \""Red Onion (each)\"": 0.3383154940380151, \""Green Okra (per lb)\"": 0.30765847321367634, \""Organic Roma Tomato \"": 0.35562758334596534, \""Green Bell Pepper\"": 0.37535054467908996, \""Organic Bananas (bunch)\"": 0.2560808084568655, \""Guerrero Whole Wheat Flour Tortillas (24 ct)\"": 0.25502195652669324, \""First Street All Purpose Vegetable Oil (48 oz)\"": 0.23389518998833442, \""Checkers Rally's Famous Seasoned Fries (48 oz)\"": 0.2494216727744844, \""Cilantro (bunch)\"": 0.6514762839262053, \""First Street Vitamin D Added Milk (1 gal)\"": 0.21178766094018647, \""Cheetos Flamin' Hot Crunchy Party Size Cheese Flavored Snacks (15 oz)\"": 0.21097358029889404, \""Eggplant (pack)\"": 0.24809914245248496, \""Jalapeno Pepper (each)\"": 0.3828691023404842, \""Bag Fee\"": 0.17657402894148333, \""Bottle Deposit aka CRV\"": 0.22650185522552696, \""Unknown Item\"": 0.10327355512503789}, \""JALAPENO PEPPERS\"": {\""Bimbo Large White Bread (24 oz)\"": 0.22000196730804858, \""White B Size Potatoes (each)\"": 0.2971643845070924, \""Red Onion (each)\"": 0.3583530844446169, \""Green Okra (per lb)\"": 0.327881748820899, \""Organic Roma Tomato \"": 0.3488852022344753, \""Green Bell Pepper\"": 0.5083664240167857, \""Organic Bananas (bunch)\"": 0.27388610631892735, \""Guerrero Whole Wheat Flour Tortillas (24 ct)\"": 0.2817043349077863, \""First Street All Purpose Vegetable Oil (48 oz)\"": 0.24830984798316522, \""Checkers Rally's Famous Seasoned Fries (48 oz)\"": 0.2724281208372267, \""Cilantro (bunch)\"": 0.3042408598697064, \""First Street Vitamin D Added Milk (1 gal)\"": 0.22745996722735454, \""Cheetos Flamin' Hot Crunchy Party Size Cheese Flavored Snacks (15 oz)\"": 0.3052690404131802, \""Eggplant (pack)\"": 0.31578270727551844, \""Jalapeno Pepper (each)\"": 0.6726200617342432, \""Bag Fee\"": 0.18161081492711648, \""Bottle Deposit aka CRV\"": 0.14682463741891805, \""Unknown Item\"": 0.09045503770283331}, \""ED ONIONS\"": {\""Bimbo Large White Bread (24 oz)\"": 0.21728783065885535, \""White B Size Potatoes (each)\"": 0.2633085727187413, \""Red Onion (each)\"": 0.5396796978047642, \""Green Okra (per lb)\"": 0.30276734984445086, \""Organic Roma Tomato \"": 0.29131886133063173, \""Green Bell Pepper\"": 0.3636502137546396, \""Organic Bananas (bunch)\"": 0.24097558033496286, \""Guerrero Whole Wheat Flour Tortillas (24 ct)\"": 0.16369875304953163, \""First Street All Purpose Vegetable Oil (48 oz)\"": 0.2648880548529563, \""Checkers Rally's Famous Seasoned Fries (48 oz)\"": 0.2844747250645195, \""Cilantro (bunch)\"": 0.25453472714716285, \""First Street Vitamin D Added Milk (1 gal)\"": 0.1801792722398353, \""Cheetos Flamin' Hot Crunchy Party Size Cheese Flavored Snacks (15 oz)\"": 0.23993951863091925, \""Eggplant (pack)\"": 0.3318815845486403, \""Jalapeno Pepper (each)\"": 0.30056436805090797, \""Bag Fee\"": 0.0, \""Bottle Deposit aka CRV\"": 0.0, \""Unknown Item\"": 0.20752191122898672}, \""RED POTATOES\"": {\""Bimbo Large White Bread (24 oz)\"": 0.2694061709112134, \""White B Size Potatoes (each)\"": 0.5315834172021432, \""Red Onion (each)\"": 0.4208501013867527, \""Green Okra (per lb)\"": 0.31797747121799763, \""Organic Roma Tomato \"": 0.42332190207374165, \""Green Bell Pepper\"": 0.44562426924436177, \""Organic Bananas (bunch)\"": 0.3374952871124341, \""Guerrero Whole Wheat Flour Tortillas (24 ct)\"": 0.2973859132381042, \""First Street All Purpose Vegetable Oil (48 oz)\"": 0.2793112677011787, \""Checkers Rally's Famous Seasoned Fries (48 oz)\"": 0.3634870741749396, \""Cilantro (bunch)\"": 0.2744336645828881, \""First Street Vitamin D Added Milk (1 gal)\"": 0.23842480413937459, \""Cheetos Flamin' Hot Crunchy Party Size Cheese Flavored Snacks (15 oz)\"": 0.28624872511357774, \""Eggplant (pack)\"": 0.3697736250658528, \""Jalapeno Pepper (each)\"": 0.382386861544286, \""Bag Fee\"": 0.2286075925030662, \""Bottle Deposit aka CRV\"": 0.190072129644972, \""Unknown Item\"": 0.2013273710076121}, \""ORGANIC BANANAS\"": {\""Bimbo Large White Bread (24 oz)\"": 0.2565431974540938, \""White B Size Potatoes (each)\"": 0.3305316931284079, \""Red Onion (each)\"": 0.2964094260966661, \""Green Okra (per lb)\"": 0.33333182544766293, \""Organic Roma Tomato \"": 0.5068937267960261, \""Green Bell Pepper\"": 0.31052465046137495, \""Organic Bananas (bunch)\"": 0.7704007998394885, \""Guerrero Whole Wheat Flour Tortillas (24 ct)\"": 0.2760841903698863, \""First Street All Purpose Vegetable Oil (48 oz)\"": 0.25039354004377395, \""Checkers Rally's Famous Seasoned Fries (48 oz)\"": 0.2166566992425223, \""Cilantro (bunch)\"": 0.2779813874041727, \""First Street Vitamin D Added Milk (1 gal)\"": 0.2745288340552579, \""Cheetos Flamin' Hot Crunchy Party Size Cheese Flavored Snacks (15 oz)\"": 0.2425991053055095, \""Eggplant (pack)\"": 0.32547799049208614, \""Jalapeno Pepper (each)\"": 0.2563829684998795, \""Bag Fee\"": 0.29548748362252175, \""Bottle Deposit aka CRV\"": 0.20360561051364312, \""Unknown Item\"": 0.0901849451113852}, \""GREEN BELL PEPPERS\"": {\""Bimbo Large White Bread (24 oz)\"": 0.2351863689334953, \""White B Size Potatoes (each)\"": 0.3337108392151766, \""Red Onion (each)\"": 0.39408225868600666, \""Green Okra (per lb)\"": 0.5203714063186834, \""Organic Roma Tomato \"": 0.389830598161883, \""Green Bell Pepper\"": 0.7868064951380754, \""Organic Bananas (bunch)\"": 0.34025524930798634, \""Guerrero Whole Wheat Flour Tortillas (24 ct)\"": 0.2615798158574522, \""First Street All Purpose Vegetable Oil (48 oz)\"": 0.2701305686779398, \""Checkers Rally's Famous Seasoned Fries (48 oz)\"": 0.26242950304364565, \""Cilantro (bunch)\"": 0.32457800160455935, \""First Street Vitamin D Added Milk (1 gal)\"": 0.21258888679893082, \""Cheetos Flamin' Hot Crunchy Party Size Cheese Flavored Snacks (15 oz)\"": 0.22390881522589615, \""Eggplant (pack)\"": 0.3487049915074198, \""Jalapeno Pepper (each)\"": 0.479672320412086, \""Bag Fee\"": 0.23052649238370593, \""Bottle Deposit aka CRV\"": 0.15167378215904848, \""Unknown Item\"": 0.1020159919484844}, \""ROMA TOMATOES\"": {\""Bimbo Large White Bread (24 oz)\"": 0.25911651430996885, \""White B Size Potatoes (each)\"": 0.3177492914206378, \""Red Onion (each)\"": 0.35089039436662334, \""Green Okra (per lb)\"": 0.2880840155471941, \""Organic Roma Tomato \"": 0.7362723487736424, \""Green Bell Pepper\"": 0.366986668290559, \""Organic Bananas (bunch)\"": 0.3219577075268284, \""Guerrero Whole Wheat Flour Tortillas (24 ct)\"": 0.29124495537875933, \""First Street All Purpose Vegetable Oil (48 oz)\"": 0.2957780522200044, \""Checkers Rally's Famous Seasoned Fries (48 oz)\"": 0.2734751502559992, \""Cilantro (bunch)\"": 0.2949800404868267, \""First Street Vitamin D Added Milk (1 gal)\"": 0.25923841401816144, \""Cheetos Flamin' Hot Crunchy Party Size Cheese Flavored Snacks (15 oz)\"": 0.2108899042624992, \""Eggplant (pack)\"": 0.33746718562413, \""Jalapeno Pepper (each)\"": 0.3220169723131988, \""Bag Fee\"": 0.19333567345569957, \""Bottle Deposit aka CRV\"": 0.1884925511114236, \""Unknown Item\"": 0.06418553515941253}, \""KRA\"": {\""Bimbo Large White Bread (24 oz)\"": 0.09179409160796735, \""White B Size Potatoes (each)\"": 0.12771346721630483, \""Red Onion (each)\"": 0.1268069417714906, \""Green Okra (per lb)\"": 0.1773113803919901, \""Organic Roma Tomato \"": 0.16631063911783375, \""Green Bell Pepper\"": 0.1379709927168938, \""Organic Bananas (bunch)\"": 0.18829685364805018, \""Guerrero Whole Wheat Flour Tortillas (24 ct)\"": 0.09348307959960697, \""First Street All Purpose Vegetable Oil (48 oz)\"": 0.10863592630906505, \""Checkers Rally's Famous Seasoned Fries (48 oz)\"": 0.11632536717234121, \""Cilantro (bunch)\"": 0.1964602563031719, \""First Street Vitamin D Added Milk (1 gal)\"": 0.12655223566310875, \""Cheetos Flamin' Hot Crunchy Party Size Cheese Flavored Snacks (15 oz)\"": 0.09254136422424124, \""Eggplant (pack)\"": 0.16899222850118892, \""Jalapeno Pepper (each)\"": 0.1238973204876578, \""Bag Fee\"": 0.0, \""Bottle Deposit aka CRV\"": 0.0, \""Unknown Item\"": 0.2666646733713284}, \""IRST STREET WHOLE MILK\"": {\""Bimbo Large White Bread (24 oz)\"": 0.3479303315760819, \""White B Size Potatoes (each)\"": 0.2853182743437302, \""Red Onion (each)\"": 0.2417166107508781, \""Green Okra (per lb)\"": 0.23536337617172245, \""Organic Roma Tomato \"": 0.31351322861854397, \""Green Bell Pepper\"": 0.22704790255069462, \""Organic Bananas (bunch)\"": 0.264289015118054, \""Guerrero Whole Wheat Flour Tortillas (24 ct)\"": 0.314132142439794, \""First Street All Purpose Vegetable Oil (48 oz)\"": 0.461692936686186, \""Checkers Rally's Famous Seasoned Fries (48 oz)\"": 0.22828830692689486, \""Cilantro (bunch)\"": 0.1669222216545831, \""First Street Vitamin D Added Milk (1 gal)\"": 0.6594047683978065, \""Cheetos Flamin' Hot Crunchy Party Size Cheese Flavored Snacks (15 oz)\"": 0.24134767924765563, \""Eggplant (pack)\"": 0.21056153635937994, \""Jalapeno Pepper (each)\"": 0.24433503995586672, \""Bag Fee\"": 0.0, \""Bottle Deposit aka CRV\"": 0.0, \""Unknown Item\"": 0.16819454842167733}, \""UERRERO WHEAT SOFT TAC\"": {\""Bimbo Large White Bread (24 oz)\"": 0.3895889897340731, \""White B Size Potatoes (each)\"": 0.30587518091095095, \""Red Onion (each)\"": 0.24732097843737935, \""Green Okra (per lb)\"": 0.21147258124161553, \""Organic Roma Tomato \"": 0.3225938363236708, \""Green Bell Pepper\"": 0.2647497064342071, \""Organic Bananas (bunch)\"": 0.24666124129283082, \""Guerrero Whole Wheat Flour Tortillas (24 ct)\"": 0.6212084150055698, \""First Street All Purpose Vegetable Oil (48 oz)\"": 0.27594556530669745, \""Checkers Rally's Famous Seasoned Fries (48 oz)\"": 0.2635752899508579, \""Cilantro (bunch)\"": 0.26319873221612283, \""First Street Vitamin D Added Milk (1 gal)\"": 0.2641508027330508, \""Cheetos Flamin' Hot Crunchy Party Size Cheese Flavored Snacks (15 oz)\"": 0.2756321762581742, \""Eggplant (pack)\"": 0.24660032135047358, \""Jalapeno Pepper (each)\"": 0.28363996578296014, \""Bag Fee\"": 0.0, \""Bottle Deposit aka CRV\"": 0.0, \""Unknown Item\"": 0.18752277229596756}, \""IMBO PAN BLANCO GRANDE\"": {\""Bimbo Large White Bread (24 oz)\"": 0.40726355801811037, \""White B Size Potatoes (each)\"": 0.3577163209026674, \""Red Onion (each)\"": 0.2199923076850954, \""Green Okra (per lb)\"": 0.16787337305533734, \""Organic Roma Tomato \"": 0.31063676742366525, \""Green Bell Pepper\"": 0.23946667700069255, \""Organic Bananas (bunch)\"": 0.23032064597272647, \""Guerrero Whole Wheat Flour Tortillas (24 ct)\"": 0.2761289260306791, \""First Street All Purpose Vegetable Oil (48 oz)\"": 0.2056624109748828, \""Checkers Rally's Famous Seasoned Fries (48 oz)\"": 0.17419054012549912, \""Cilantro (bunch)\"": 0.21820026780009824, \""First Street Vitamin D Added Milk (1 gal)\"": 0.20032951637907326, \""Cheetos Flamin' Hot Crunchy Party Size Cheese Flavored Snacks (15 oz)\"": 0.22424776191005807, \""Eggplant (pack)\"": 0.2239329408687567, \""Jalapeno Pepper (each)\"": 0.2203119464521453, \""Bag Fee\"": 0.0, \""Bottle Deposit aka CRV\"": 0.0, \""Unknown Item\"": 0.2352251191121994}, \""HECKERS RALLYS FAMOUS\"": {\""Bimbo Large White Bread (24 oz)\"": 0.18090340383972894, \""White B Size Potatoes (each)\"": 0.12590630108325304, \""Red Onion (each)\"": 0.1288014688288487, \""Green Okra (per lb)\"": 0.08519738203169777, \""Organic Roma Tomato \"": 0.1392771464026248, \""Green Bell Pepper\"": 0.1465194376835393, \""Organic Bananas (bunch)\"": 0.121861728844697, \""Guerrero Whole Wheat Flour Tortillas (24 ct)\"": 0.12368744942261987, \""First Street All Purpose Vegetable Oil (48 oz)\"": 0.14101540318958505, \""Checkers Rally's Famous Seasoned Fries (48 oz)\"": 0.37497857517629535, \""Cilantro (bunch)\"": 0.15610487227163142, \""First Street Vitamin D Added Milk (1 gal)\"": 0.11876543253083026, \""Cheetos Flamin' Hot Crunchy Party Size Cheese Flavored Snacks (15 oz)\"": 0.21131267516311225, \""Eggplant (pack)\"": 0.11238827371270525, \""Jalapeno Pepper (each)\"": 0.15016810300948183, \""Bag Fee\"": 0.0, \""Bottle Deposit aka CRV\"": 0.0, \""Unknown Item\"": 0.1331426384186629}, \""IRST STREET VEGETABLE\"": {\""Bimbo Large White Bread (24 oz)\"": 0.23443321494351127, \""White B Size Potatoes (each)\"": 0.30288231930079995, \""Red Onion (each)\"": 0.36189762419538163, \""Green Okra (per lb)\"": 0.33920885478713214, \""Organic Roma Tomato \"": 0.38115411966751667, \""Green Bell Pepper\"": 0.38672027156833044, \""Organic Bananas (bunch)\"": 0.28708819030980315, \""Guerrero Whole Wheat Flour Tortillas (24 ct)\"": 0.24527528448574054, \""First Street All Purpose Vegetable Oil (48 oz)\"": 0.5210909075596697, \""Checkers Rally's Famous Seasoned Fries (48 oz)\"": 0.24933579672297862, \""Cilantro (bunch)\"": 0.28650814771819444, \""First Street Vitamin D Added Milk (1 gal)\"": 0.39544747234480343, \""Cheetos Flamin' Hot Crunchy Party Size Cheese Flavored Snacks (15 oz)\"": 0.19543735897728673, \""Eggplant (pack)\"": 0.37624545709466173, \""Jalapeno Pepper (each)\"": 0.3118831658608271, \""Bag Fee\"": 0.0, \""Bottle Deposit aka CRV\"": 0.0, \""Unknown Item\"": 0.1981631564882425}, \""HEETOS FLAMIN HOT PART\"": {\""Bimbo Large White Bread (24 oz)\"": 0.1608653685352331, \""White B Size Potatoes (each)\"": 0.15817443021010116, \""Red Onion (each)\"": 0.20517959938050462, \""Green Okra (per lb)\"": 0.1275637374132664, \""Organic Roma Tomato \"": 0.22161669516752217, \""Green Bell Pepper\"": 0.20528794862694508, \""Organic Bananas (bunch)\"": 0.14186244115440458, \""Guerrero Whole Wheat Flour Tortillas (24 ct)\"": 0.18187486938514133, \""First Street All Purpose Vegetable Oil (48 oz)\"": 0.16257682592791792, \""Checkers Rally's Famous Seasoned Fries (48 oz)\"": 0.23712709977208446, \""Cilantro (bunch)\"": 0.16350199820399272, \""First Street Vitamin D Added Milk (1 gal)\"": 0.14095235169511972, \""Cheetos Flamin' Hot Crunchy Party Size Cheese Flavored Snacks (15 oz)\"": 0.396775501521195, \""Eggplant (pack)\"": 0.23754404499187834, \""Jalapeno Pepper (each)\"": 0.2642525391646655, \""Bag Fee\"": 0.0, \""Bottle Deposit aka CRV\"": 0.0, \""Unknown Item\"": 0.20394050150929702}, \""FI BAG 4 CHECKSTAND RE\"": {\""Bimbo Large White Bread (24 oz)\"": 0.2263797358755312, \""White B Size Potatoes (each)\"": 0.22074136036289335, \""Red Onion (each)\"": 0.17326514504210652, \""Green Okra (per lb)\"": 0.2075905044973907, \""Organic Roma Tomato \"": 0.19731669488175338, \""Green Bell Pepper\"": 0.23512478157586683, \""Organic Bananas (bunch)\"": 0.28193891064538, \""Guerrero Whole Wheat Flour Tortillas (24 ct)\"": 0.19859171904917444, \""First Street All Purpose Vegetable Oil (48 oz)\"": 0.17839909851811123, \""Checkers Rally's Famous Seasoned Fries (48 oz)\"": 0.2759184114556397, \""Cilantro (bunch)\"": 0.1900156408030615, \""First Street Vitamin D Added Milk (1 gal)\"": 0.17555384162909768, \""Cheetos Flamin' Hot Crunchy Party Size Cheese Flavored Snacks (15 oz)\"": 0.21679483735516247, \""Eggplant (pack)\"": 0.23828494896903143, \""Jalapeno Pepper (each)\"": 0.17894320599351982, \""Bag Fee\"": 0.5829259491940961, \""Bottle Deposit aka CRV\"": 0.2549595138342922, \""Unknown Item\"": 0.20098436677021844}, \""Unknown Item\"": {\""Bimbo Large White Bread (24 oz)\"": 0.1849640993738884, \""White B Size Potatoes (each)\"": 0.23544335993838936, \""Red Onion (each)\"": 0.2316811591588314, \""Green Okra (per lb)\"": 0.22357075803167487, \""Organic Roma Tomato \"": 0.21881072103524188, \""Green Bell Pepper\"": 0.2381547386310991, \""Organic Bananas (bunch)\"": 0.2325793110523028, \""Guerrero Whole Wheat Flour Tortillas (24 ct)\"": 0.14642878238182716, \""First Street All Purpose Vegetable Oil (48 oz)\"": 0.17735751152518306, \""Checkers Rally's Famous Seasoned Fries (48 oz)\"": 0.17077972430972577, \""Cilantro (bunch)\"": 0.18623632004991947, \""First Street Vitamin D Added Milk (1 gal)\"": 0.17878107602851362, \""Cheetos Flamin' Hot Crunchy Party Size Cheese Flavored Snacks (15 oz)\"": 0.16471014600816675, \""Eggplant (pack)\"": 0.27315020813915736, \""Jalapeno Pepper (each)\"": 0.217086871149915, \""Bag Fee\"": 0.30045181350725836, \""Bottle Deposit aka CRV\"": 0.21779990495262982, \""Unknown Item\"": 0.9990009990989842}}""
  },
  {
    ""key"": ""total_amount"",
    ""value"": ""{\""money\"": {\""unit_amount\"": 5577, \""currency\"": \""USD\"", \""display_string\"": \""None55.77\"", \""decimal_places\"": 2, \""sign\"": null, \""symbol\"": null}, \""confidence_score\"": 1.0}""
  },
  {
    ""key"": ""discount_amount"",
    ""value"": ""{\""money\"": {\""unit_amount\"": 0, \""currency\"": \""USD\"", \""display_string\"": \""None0.00\"", \""decimal_places\"": 2, \""sign\"": null, \""symbol\"": null}, \""confidence_score\"": 1.0}""
  },
  {
    ""key"": ""business_id"",
    ""value"": ""388144""
  },
  {
    ""key"": ""subtotal_amount"",
    ""value"": ""{\""money\"": {\""unit_amount\"": 5577, \""currency\"": \""USD\"", \""display_string\"": \""None55.77\"", \""decimal_places\"": 2, \""sign\"": null, \""symbol\"": null}, \""confidence_score\"": 1.0}""
  },
  {
    ""key"": ""tax_confidence_score"",
    ""value"": ""1.0""
  },
  {
    ""key"": ""matched_item_info"",
    ""value"": ""[{\""merchant_supplied_id\"": \""4081\"", \""display_name\"": \""Eggplant (pack)\"", \""ocr_description\"": \""EGGPLANT\"", \""quantity\"": {\""value\"": 0.78}, \""price_per_unit\"": {\""unit_amount\"": 249, \""currency\"": \""USD\"", \""display_string\"": \""None2.49\"", \""decimal_places\"": 2, \""sign\"": null, \""symbol\"": null}, \""item_price\"": {\""unit_amount\"": 194, \""currency\"": \""USD\"", \""display_string\"": \""None1.94\"", \""decimal_places\"": 2, \""sign\"": null, \""symbol\"": null}, \""non_discount_price_per_unit\"": {\""unit_amount\"": 0, \""currency\"": \""USD\"", \""display_string\"": \""None0.00\"", \""decimal_places\"": 2, \""sign\"": null, \""symbol\"": null}, \""non_discount_item_price\"": {\""unit_amount\"": 0, \""currency\"": \""USD\"", \""display_string\"": \""None0.00\"", \""decimal_places\"": 2, \""sign\"": null, \""symbol\"": null}, \""sold_by_weight\"": true, \""confidence_score\"": 1.0}, {\""merchant_supplied_id\"": \""4889\"", \""display_name\"": \""Cilantro (bunch)\"", \""ocr_description\"": \""CILANTRO\"", \""quantity\"": {\""value\"": 2.0}, \""price_per_unit\"": {\""unit_amount\"": 49, \""currency\"": \""USD\"", \""display_string\"": \""None0.49\"", \""decimal_places\"": 2, \""sign\"": null, \""symbol\"": null}, \""item_price\"": {\""unit_amount\"": 98, \""currency\"": \""USD\"", \""display_string\"": \""None0.98\"", \""decimal_places\"": 2, \""sign\"": null, \""symbol\"": null}, \""non_discount_price_per_unit\"": {\""unit_amount\"": 0, \""currency\"": \""USD\"", \""display_string\"": \""None0.00\"", \""decimal_places\"": 2, \""sign\"": null, \""symbol\"": null}, \""non_discount_item_price\"": {\""unit_amount\"": 0, \""currency\"": \""USD\"", \""display_string\"": \""None0.00\"", \""decimal_places\"": 2, \""sign\"": null, \""symbol\"": null}, \""sold_by_weight\"": false, \""confidence_score\"": 1.0}, {\""merchant_supplied_id\"": \""254288000003\"", \""display_name\"": \""Jalapeno Pepper (each)\"", \""ocr_description\"": \""JALAPENO PEPPERS\"", \""quantity\"": {\""value\"": 0.52}, \""price_per_unit\"": {\""unit_amount\"": 98, \""currency\"": \""USD\"", \""display_string\"": \""None0.98\"", \""decimal_places\"": 2, \""sign\"": null, \""symbol\"": null}, \""item_price\"": {\""unit_amount\"": 51, \""currency\"": \""USD\"", \""display_string\"": \""None0.51\"", \""decimal_places\"": 2, \""sign\"": null, \""symbol\"": null}, \""non_discount_price_per_unit\"": {\""unit_amount\"": 0, \""currency\"": \""USD\"", \""display_string\"": \""None0.00\"", \""decimal_places\"": 2, \""sign\"": null, \""symbol\"": null}, \""non_discount_item_price\"": {\""unit_amount\"": 0, \""currency\"": \""USD\"", \""display_string\"": \""None0.00\"", \""decimal_places\"": 2, \""sign\"": null, \""symbol\"": null}, \""sold_by_weight\"": true, \""confidence_score\"": 1.0}, {\""merchant_supplied_id\"": \""4082\"", \""display_name\"": \""Red Onion (each)\"", \""ocr_description\"": \""ED ONIONS\"", \""quantity\"": {\""value\"": 0.72}, \""price_per_unit\"": {\""unit_amount\"": 179, \""currency\"": \""USD\"", \""display_string\"": \""None1.79\"", \""decimal_places\"": 2, \""sign\"": null, \""symbol\"": null}, \""item_price\"": {\""unit_amount\"": 129, \""currency\"": \""USD\"", \""display_string\"": \""None1.29\"", \""decimal_places\"": 2, \""sign\"": null, \""symbol\"": null}, \""non_discount_price_per_unit\"": {\""unit_amount\"": 0, \""currency\"": \""USD\"", \""display_string\"": \""None0.00\"", \""decimal_places\"": 2, \""sign\"": null, \""symbol\"": null}, \""non_discount_item_price\"": {\""unit_amount\"": 0, \""currency\"": \""USD\"", \""display_string\"": \""None0.00\"", \""decimal_places\"": 2, \""sign\"": null, \""symbol\"": null}, \""sold_by_weight\"": true, \""confidence_score\"": 1.0}, {\""merchant_supplied_id\"": \""4083\"", \""display_name\"": \""White B Size Potatoes (each)\"", \""ocr_description\"": \""RED POTATOES\"", \""quantity\"": {\""value\"": 4.49}, \""price_per_unit\"": {\""unit_amount\"": 149, \""currency\"": \""USD\"", \""display_string\"": \""None1.49\"", \""decimal_places\"": 2, \""sign\"": null, \""symbol\"": null}, \""item_price\"": {\""unit_amount\"": 669, \""currency\"": \""USD\"", \""display_string\"": \""None6.69\"", \""decimal_places\"": 2, \""sign\"": null, \""symbol\"": null}, \""non_discount_price_per_unit\"": {\""unit_amount\"": 0, \""currency\"": \""USD\"", \""display_string\"": \""None0.00\"", \""decimal_places\"": 2, \""sign\"": null, \""symbol\"": null}, \""non_discount_item_price\"": {\""unit_amount\"": 0, \""currency\"": \""USD\"", \""display_string\"": \""None0.00\"", \""decimal_places\"": 2, \""sign\"": null, \""symbol\"": null}, \""sold_by_weight\"": true, \""confidence_score\"": 1.0}, {\""merchant_supplied_id\"": \""94011\"", \""display_name\"": \""Organic Bananas (bunch)\"", \""ocr_description\"": \""ORGANIC BANANAS\"", \""quantity\"": {\""value\"": 2.27}, \""price_per_unit\"": {\""unit_amount\"": 79, \""currency\"": \""USD\"", \""display_string\"": \""None0.79\"", \""decimal_places\"": 2, \""sign\"": null, \""symbol\"": null}, \""item_price\"": {\""unit_amount\"": 179, \""currency\"": \""USD\"", \""display_string\"": \""None1.79\"", \""decimal_places\"": 2, \""sign\"": null, \""symbol\"": null}, \""non_discount_price_per_unit\"": {\""unit_amount\"": 0, \""currency\"": \""USD\"", \""display_string\"": \""None0.00\"", \""decimal_places\"": 2, \""sign\"": null, \""symbol\"": null}, \""non_discount_item_price\"": {\""unit_amount\"": 0, \""currency\"": \""USD\"", \""display_string\"": \""None0.00\"", \""decimal_places\"": 2, \""sign\"": null, \""symbol\"": null}, \""sold_by_weight\"": true, \""confidence_score\"": 1.0}, {\""merchant_supplied_id\"": \""4065\"", \""display_name\"": \""Green Bell Pepper\"", \""ocr_description\"": \""GREEN BELL PEPPERS\"", \""quantity\"": {\""value\"": 2.0}, \""price_per_unit\"": {\""unit_amount\"": 50, \""currency\"": \""USD\"", \""display_string\"": \""None0.50\"", \""decimal_places\"": 2, \""sign\"": null, \""symbol\"": null}, \""item_price\"": {\""unit_amount\"": 100, \""currency\"": \""USD\"", \""display_string\"": \""None1.00\"", \""decimal_places\"": 2, \""sign\"": null, \""symbol\"": null}, \""non_discount_price_per_unit\"": {\""unit_amount\"": 0, \""currency\"": \""USD\"", \""display_string\"": \""None0.00\"", \""decimal_places\"": 2, \""sign\"": null, \""symbol\"": null}, \""non_discount_item_price\"": {\""unit_amount\"": 0, \""currency\"": \""USD\"", \""display_string\"": \""None0.00\"", \""decimal_places\"": 2, \""sign\"": null, \""symbol\"": null}, \""sold_by_weight\"": false, \""confidence_score\"": 1.0}, {\""merchant_supplied_id\"": \""94087\"", \""display_name\"": \""Organic Roma Tomato \"", \""ocr_description\"": \""ROMA TOMATOES\"", \""quantity\"": {\""value\"": 1.97}, \""price_per_unit\"": {\""unit_amount\"": 99, \""currency\"": \""USD\"", \""display_string\"": \""None0.99\"", \""decimal_places\"": 2, \""sign\"": null, \""symbol\"": null}, \""item_price\"": {\""unit_amount\"": 195, \""currency\"": \""USD\"", \""display_string\"": \""None1.95\"", \""decimal_places\"": 2, \""sign\"": null, \""symbol\"": null}, \""non_discount_price_per_unit\"": {\""unit_amount\"": 0, \""currency\"": \""USD\"", \""display_string\"": \""None0.00\"", \""decimal_places\"": 2, \""sign\"": null, \""symbol\"": null}, \""non_discount_item_price\"": {\""unit_amount\"": 0, \""currency\"": \""USD\"", \""display_string\"": \""None0.00\"", \""decimal_places\"": 2, \""sign\"": null, \""symbol\"": null}, \""sold_by_weight\"": true, \""confidence_score\"": 1.0}, {\""merchant_supplied_id\"": \""4655\"", \""display_name\"": \""Green Okra (per lb)\"", \""ocr_description\"": \""KRA\"", \""quantity\"": {\""value\"": 1.0}, \""price_per_unit\"": {\""unit_amount\"": 399, \""currency\"": \""USD\"", \""display_string\"": \""None3.99\"", \""decimal_places\"": 2, \""sign\"": null, \""symbol\"": null}, \""item_price\"": {\""unit_amount\"": 399, \""currency\"": \""USD\"", \""display_string\"": \""None3.99\"", \""decimal_places\"": 2, \""sign\"": null, \""symbol\"": null}, \""non_discount_price_per_unit\"": {\""unit_amount\"": 0, \""currency\"": \""USD\"", \""display_string\"": \""None0.00\"", \""decimal_places\"": 2, \""sign\"": null, \""symbol\"": null}, \""non_discount_item_price\"": {\""unit_amount\"": 0, \""currency\"": \""USD\"", \""display_string\"": \""None0.00\"", \""decimal_places\"": 2, \""sign\"": null, \""symbol\"": null}, \""sold_by_weight\"": true, \""confidence_score\"": 1.0}, {\""merchant_supplied_id\"": \""041512081187\"", \""display_name\"": \""First Street Vitamin D Added Milk (1 gal)\"", \""ocr_description\"": \""IRST STREET WHOLE MILK\"", \""quantity\"": {\""value\"": 1.0}, \""price_per_unit\"": {\""unit_amount\"": 399, \""currency\"": \""USD\"", \""display_string\"": \""None3.99\"", \""decimal_places\"": 2, \""sign\"": null, \""symbol\"": null}, \""item_price\"": {\""unit_amount\"": 399, \""currency\"": \""USD\"", \""display_string\"": \""None3.99\"", \""decimal_places\"": 2, \""sign\"": null, \""symbol\"": null}, \""non_discount_price_per_unit\"": {\""unit_amount\"": 0, \""currency\"": \""USD\"", \""display_string\"": \""None0.00\"", \""decimal_places\"": 2, \""sign\"": null, \""symbol\"": null}, \""non_discount_item_price\"": {\""unit_amount\"": 0, \""currency\"": \""USD\"", \""display_string\"": \""None0.00\"", \""decimal_places\"": 2, \""sign\"": null, \""symbol\"": null}, \""sold_by_weight\"": false, \""confidence_score\"": 1.0}, {\""merchant_supplied_id\"": \""048564220113\"", \""display_name\"": \""Guerrero Whole Wheat Flour Tortillas (24 ct)\"", \""ocr_description\"": \""UERRERO WHEAT SOFT TAC\"", \""quantity\"": {\""value\"": 1.0}, \""price_per_unit\"": {\""unit_amount\"": 539, \""currency\"": \""USD\"", \""display_string\"": \""None5.39\"", \""decimal_places\"": 2, \""sign\"": null, \""symbol\"": null}, \""item_price\"": {\""unit_amount\"": 539, \""currency\"": \""USD\"", \""display_string\"": \""None5.39\"", \""decimal_places\"": 2, \""sign\"": null, \""symbol\"": null}, \""non_discount_price_per_unit\"": {\""unit_amount\"": 0, \""currency\"": \""USD\"", \""display_string\"": \""None0.00\"", \""decimal_places\"": 2, \""sign\"": null, \""symbol\"": null}, \""non_discount_item_price\"": {\""unit_amount\"": 0, \""currency\"": \""USD\"", \""display_string\"": \""None0.00\"", \""decimal_places\"": 2, \""sign\"": null, \""symbol\"": null}, \""sold_by_weight\"": false, \""confidence_score\"": 1.0}, {\""merchant_supplied_id\"": \""074323091021\"", \""display_name\"": \""Bimbo Large White Bread (24 oz)\"", \""ocr_description\"": \""IMBO PAN BLANCO GRANDE\"", \""quantity\"": {\""value\"": 1.0}, \""price_per_unit\"": {\""unit_amount\"": 349, \""currency\"": \""USD\"", \""display_string\"": \""None3.49\"", \""decimal_places\"": 2, \""sign\"": null, \""symbol\"": null}, \""item_price\"": {\""unit_amount\"": 349, \""currency\"": \""USD\"", \""display_string\"": \""None3.49\"", \""decimal_places\"": 2, \""sign\"": null, \""symbol\"": null}, \""non_discount_price_per_unit\"": {\""unit_amount\"": 399, \""currency\"": \""USD\"", \""display_string\"": \""None3.99\"", \""decimal_places\"": 2, \""sign\"": null, \""symbol\"": null}, \""non_discount_item_price\"": {\""unit_amount\"": 399, \""currency\"": \""USD\"", \""display_string\"": \""None3.99\"", \""decimal_places\"": 2, \""sign\"": null, \""symbol\"": null}, \""sold_by_weight\"": false, \""confidence_score\"": 1.0}, {\""merchant_supplied_id\"": \""043301305818\"", \""display_name\"": \""Checkers Rally's Famous Seasoned Fries (48 oz)\"", \""ocr_description\"": \""HECKERS RALLYS FAMOUS\"", \""quantity\"": {\""value\"": 1.0}, \""price_per_unit\"": {\""unit_amount\"": 799, \""currency\"": \""USD\"", \""display_string\"": \""None7.99\"", \""decimal_places\"": 2, \""sign\"": null, \""symbol\"": null}, \""item_price\"": {\""unit_amount\"": 799, \""currency\"": \""USD\"", \""display_string\"": \""None7.99\"", \""decimal_places\"": 2, \""sign\"": null, \""symbol\"": null}, \""non_discount_price_per_unit\"": {\""unit_amount\"": 0, \""currency\"": \""USD\"", \""display_string\"": \""None0.00\"", \""decimal_places\"": 2, \""sign\"": null, \""symbol\"": null}, \""non_discount_item_price\"": {\""unit_amount\"": 0, \""currency\"": \""USD\"", \""display_string\"": \""None0.00\"", \""decimal_places\"": 2, \""sign\"": null, \""symbol\"": null}, \""sold_by_weight\"": false, \""confidence_score\"": 1.0}, {\""merchant_supplied_id\"": \""041512084072\"", \""display_name\"": \""First Street All Purpose Vegetable Oil (48 oz)\"", \""ocr_description\"": \""IRST STREET VEGETABLE\"", \""quantity\"": {\""value\"": 1.0}, \""price_per_unit\"": {\""unit_amount\"": 459, \""currency\"": \""USD\"", \""display_string\"": \""None4.59\"", \""decimal_places\"": 2, \""sign\"": null, \""symbol\"": null}, \""item_price\"": {\""unit_amount\"": 459, \""currency\"": \""USD\"", \""display_string\"": \""None4.59\"", \""decimal_places\"": 2, \""sign\"": null, \""symbol\"": null}, \""non_discount_price_per_unit\"": {\""unit_amount\"": 0, \""currency\"": \""USD\"", \""display_string\"": \""None0.00\"", \""decimal_places\"": 2, \""sign\"": null, \""symbol\"": null}, \""non_discount_item_price\"": {\""unit_amount\"": 0, \""currency\"": \""USD\"", \""display_string\"": \""None0.00\"", \""decimal_places\"": 2, \""sign\"": null, \""symbol\"": null}, \""sold_by_weight\"": false, \""confidence_score\"": 1.0}, {\""merchant_supplied_id\"": \""028400314077\"", \""display_name\"": \""Cheetos Flamin' Hot Crunchy Party Size Cheese Flavored Snacks (15 oz)\"", \""ocr_description\"": \""HEETOS FLAMIN HOT PART\"", \""quantity\"": {\""value\"": 2.0}, \""price_per_unit\"": {\""unit_amount\"": 499, \""currency\"": \""USD\"", \""display_string\"": \""None4.99\"", \""decimal_places\"": 2, \""sign\"": null, \""symbol\"": null}, \""item_price\"": {\""unit_amount\"": 998, \""currency\"": \""USD\"", \""display_string\"": \""None9.98\"", \""decimal_places\"": 2, \""sign\"": null, \""symbol\"": null}, \""non_discount_price_per_unit\"": {\""unit_amount\"": 599, \""currency\"": \""USD\"", \""display_string\"": \""None5.99\"", \""decimal_places\"": 2, \""sign\"": null, \""symbol\"": null}, \""non_discount_item_price\"": {\""unit_amount\"": 1198, \""currency\"": \""USD\"", \""display_string\"": \""None11.98\"", \""decimal_places\"": 2, \""sign\"": null, \""symbol\"": null}, \""sold_by_weight\"": false, \""confidence_score\"": 1.0}]""
  },
  {
    ""key"": ""bag_fee_info"",
    ""value"": ""{\""quantity\"": {\""value\"": 2.0}, \""price_per_unit\"": {\""unit_amount\"": 10, \""currency\"": \""USD\"", \""display_string\"": \""None0.10\"", \""decimal_places\"": 2, \""sign\"": null, \""symbol\"": null}, \""item_price\"": {\""unit_amount\"": 20, \""currency\"": \""USD\"", \""display_string\"": \""None0.20\"", \""decimal_places\"": 2, \""sign\"": null, \""symbol\"": null}, \""confidence_score\"": 1.0}""
  },
  {
    ""key"": ""blink_items_df"",
    ""value"": ""{\""ocr_description\"": {\""0\"": \""EGGPLANT\"", \""1\"": \""CILANTRO\"", \""2\"": \""JALAPENO PEPPERS\"", \""3\"": \""ED ONIONS\"", \""4\"": \""RED POTATOES\"", \""5\"": \""ORGANIC BANANAS\"", \""6\"": \""GREEN BELL PEPPERS\"", \""7\"": \""ROMA TOMATOES\"", \""8\"": \""KRA\"", \""9\"": \""IRST STREET WHOLE MILK\"", \""10\"": \""UERRERO WHEAT SOFT TAC\"", \""11\"": \""IMBO PAN BLANCO GRANDE\"", \""12\"": \""HECKERS RALLYS FAMOUS\"", \""13\"": \""IRST STREET VEGETABLE\"", \""14\"": \""HEETOS FLAMIN HOT PART\"", \""15\"": \""FI BAG 4 CHECKSTAND RE\"", \""16\"": \""discount_cents\"", \""17\"": \""subtotal_cents\"", \""18\"": \""total_tax_cents\"", \""19\"": \""total_cents\""}, \""quantity\"": {\""0\"": 0.78, \""1\"": 2.0, \""2\"": 0.52, \""3\"": 0.72, \""4\"": 4.49, \""5\"": 2.27, \""6\"": 2.0, \""7\"": 1.97, \""8\"": 1.0, \""9\"": 1.0, \""10\"": 1.0, \""11\"": 1.0, \""12\"": 1.0, \""13\"": 1.0, \""14\"": 2.0, \""15\"": 2.0, \""16\"": NaN, \""17\"": NaN, \""18\"": NaN, \""19\"": NaN}, \""price_per_unit_cents\"": {\""0\"": 249.0, \""1\"": 49.0, \""2\"": 98.0, \""3\"": 179.0, \""4\"": 149.0, \""5\"": 79.0, \""6\"": 50.0, \""7\"": 99.0, \""8\"": 399.0, \""9\"": 399.0, \""10\"": 539.0, \""11\"": 349.0, \""12\"": 799.0, \""13\"": 459.0, \""14\"": 499.0, \""15\"": 10.0, \""16\"": NaN, \""17\"": NaN, \""18\"": NaN, \""19\"": NaN}, \""item_price_cents\"": {\""0\"": 194, \""1\"": 98, \""2\"": 51, \""3\"": 129, \""4\"": 669, \""5\"": 179, \""6\"": 100, \""7\"": 195, \""8\"": 399, \""9\"": 399, \""10\"": 539, \""11\"": 349, \""12\"": 799, \""13\"": 459, \""14\"": 998, \""15\"": 20, \""16\"": 0, \""17\"": 5577, \""18\"": 0, \""19\"": 5577}}""
  },
  {
    ""key"": ""input_swipe_amount"",
    ""value"": ""5577""
  },
  {
    ""key"": ""is_legible"",
    ""value"": ""true""
  },
  {
    ""key"": ""input_item_info"",
    ""value"": ""[{\""merchant_supplied_id\"": \""074323091021\"", \""display_name\"": \""Bimbo Large White Bread (24 oz)\"", \""scanned_barcode\"": {\""code\"": \""074323091021\"", \""format\"": \""UPCA\""}}, {\""merchant_supplied_id\"": \""4083\"", \""display_name\"": \""White B Size Potatoes (each)\"", \""scanned_barcode\"": null}, {\""merchant_supplied_id\"": \""4082\"", \""display_name\"": \""Red Onion (each)\"", \""scanned_barcode\"": null}, {\""merchant_supplied_id\"": \""4655\"", \""display_name\"": \""Green Okra (per lb)\"", \""scanned_barcode\"": null}, {\""merchant_supplied_id\"": \""94087\"", \""display_name\"": \""Organic Roma Tomato \"", \""scanned_barcode\"": null}, {\""merchant_supplied_id\"": \""4065\"", \""display_name\"": \""Green Bell Pepper\"", \""scanned_barcode\"": null}, {\""merchant_supplied_id\"": \""94011\"", \""display_name\"": \""Organic Bananas (bunch)\"", \""scanned_barcode\"": null}, {\""merchant_supplied_id\"": \""048564220113\"", \""display_name\"": \""Guerrero Whole Wheat Flour Tortillas (24 ct)\"", \""scanned_barcode\"": {\""code\"": \""048564220113\"", \""format\"": \""UPCA\""}}, {\""merchant_supplied_id\"": \""041512084072\"", \""display_name\"": \""First Street All Purpose Vegetable Oil (48 oz)\"", \""scanned_barcode\"": {\""code\"": \""041512084072\"", \""format\"": \""UPCA\""}}, {\""merchant_supplied_id\"": \""043301305818\"", \""display_name\"": \""Checkers Rally's Famous Seasoned Fries (48 oz)\"", \""scanned_barcode\"": {\""code\"": \""043301611315\"", \""format\"": \""UPCA\""}}, {\""merchant_supplied_id\"": \""4889\"", \""display_name\"": \""Cilantro (bunch)\"", \""scanned_barcode\"": null}, {\""merchant_supplied_id\"": \""041512081187\"", \""display_name\"": \""First Street Vitamin D Added Milk (1 gal)\"", \""scanned_barcode\"": {\""code\"": \""041512081187\"", \""format\"": \""UPCA\""}}, {\""merchant_supplied_id\"": \""028400314077\"", \""display_name\"": \""Cheetos Flamin' Hot Crunchy Party Size Cheese Flavored Snacks (15 oz)\"", \""scanned_barcode\"": {\""code\"": \""028400314077\"", \""format\"": \""UPCA\""}}, {\""merchant_supplied_id\"": \""4081\"", \""display_name\"": \""Eggplant (pack)\"", \""scanned_barcode\"": null}, {\""merchant_supplied_id\"": \""254288000003\"", \""display_name\"": \""Jalapeno Pepper (each)\"", \""scanned_barcode\"": null}]""
  },
  {
    ""key"": ""url"",
    ""value"": ""\""https://img.cdn4dd.com/cdn-cgi/image/format=auto/https://doordash-static.s3.amazonaws.com/media/photosV2/adbf1f64-51d1-444c-8f1c-18f62ffdac58-retina-large.jpeg\""""
  },
  {
    ""key"": ""sanity_checks"",
    ""value"": ""{\""swipe_match\"": true, \""subtotal_match\"": true, \""tax_match\"": true, \""items_length_match\"": true, \""ok_ocr_name_deduping\"": true, \""item_price_reasonableness\"": true, \""weights_look_ok\"": true, \""bag_fee_max_price\"": true, \""bottle_fee_max_price\"": true, \""bag_fee_max_count\"": true, \""bottle_fee_max_count\"": true, \""tax_vs_subtotal_sanity_check\"": true, \""has_no_unknown_items\"": true, \""has_no_missing_items\"": true, \""delivery_discounts_are_nonzero\"": true}""
  },
  {
    ""key"": ""bottle_fee_info"",
    ""value"": ""{\""quantity\"": {\""value\"": 0}, \""price_per_unit\"": {\""unit_amount\"": 0, \""currency\"": \""USD\"", \""display_string\"": \""None0.00\"", \""decimal_places\"": 2, \""sign\"": null, \""symbol\"": null}, \""item_price\"": {\""unit_amount\"": 0, \""currency\"": \""USD\"", \""display_string\"": \""None0.00\"", \""decimal_places\"": 2, \""sign\"": null, \""symbol\"": null}, \""confidence_score\"": 1.0}""
  },
  {
    ""key"": ""delivery_uuid"",
    ""value"": ""\""865f2c73-986d-3001-8248-e28bbb93d781\""""
  },
  {
    ""key"": ""missing_item_info"",
    ""value"": ""[]""
  },
  {
    ""key"": ""tax_amount"",
    ""value"": ""{\""money\"": {\""unit_amount\"": 0, \""currency\"": \""USD\"", \""display_string\"": \""None0.00\"", \""decimal_places\"": 2, \""sign\"": null, \""symbol\"": null}, \""confidence_score\"": 1.0}""
  },
  {
    ""key"": ""confidence_score"",
    ""value"": ""1.0""
  },
  {
    ""key"": ""raw_blink_receipt"",
    ""value"": ""{\""banner_id\"": 73, \""barcode\"": \""0010702070924002000184\"", \""channel\"": {\""confidence\"": 100, \""value\"": \""Food\""}, \""date\"": {\""confidence\"": 96.05043029785156, \""value\"": \""09/07/2024\""}, \""isDigital\"": false, \""isFraudulent\"": false, \""is_blurry\"": false, \""is_instacart_shopper\"": false, \""is_receipt\"": true, \""is_screen\"": false, \""item_confidence\"": 99, \""last4cc\"": {\""confidence\"": 99.98450469970703, \""value\"": \""0811\""}, \""merchant_confidence\"": 99, \""merchant_name\"": \""Smart & Final\"", \""ocr_confidence\"": 99.16903686523438, \""paymentMethods\"": [{\""amount\"": {\""confidence\"": 0, \""value\"": 0}, \""cardType\"": {\""confidence\"": 100, \""value\"": \""Mastercard\""}, \""method\"": {\""confidence\"": 99.98450469970703, \""value\"": \""Credit\""}}], \""phones\"": [{\""confidence\"": 99.98516082763672, \""value\"": \""805-961-4519\""}], \""products\"": [{\""infoLines\"": [{\""line\"": 1010, \""text\"": {\""confidence\"": 100, \""value\"": \""0.78 lb @ 2.49 USD/lb\""}, \""type\"": {\""confidence\"": 100, \""value\"": \""Weight\""}}], \""line\"": 1009, \""price\"": {\""confidence\"": 0, \""value\"": 2.49}, \""price_postfix\"": \""F\"", \""qty\"": {\""confidence\"": 0, \""value\"": 0.78}, \""rsd\"": {\""confidence\"": 100, \""original_case_value\"": \""ggplant\"", \""value\"": \""EGGPLANT\""}, \""totalPrice\"": {\""confidence\"": 0, \""value\"": 1.94}, \""uom\"": {\""confidence\"": 0, \""value\"": \""lb\""}}, {\""infoLines\"": [{\""line\"": 1012, \""text\"": {\""confidence\"": 100, \""value\"": \""2 @ 0.49\""}, \""type\"": {\""confidence\"": 100, \""value\"": \""Quantity\""}}], \""line\"": 1011, \""price\"": {\""confidence\"": 99.948974609375, \""value\"": 0.49}, \""price_postfix\"": \""F\"", \""qty\"": {\""confidence\"": 0, \""value\"": 2}, \""rsd\"": {\""confidence\"": 100, \""original_case_value\"": \""ilantro\"", \""value\"": \""CILANTRO\""}, \""totalPrice\"": {\""confidence\"": 0, \""value\"": 0.98}}, {\""infoLines\"": [{\""line\"": 1014, \""text\"": {\""confidence\"": 100, \""value\"": \""0.52 lb @ 0.99 USD/lb\""}, \""type\"": {\""confidence\"": 100, \""value\"": \""Weight\""}}], \""line\"": 1013, \""price\"": {\""confidence\"": 0, \""value\"": 0.99}, \""price_postfix\"": \""F\"", \""qty\"": {\""confidence\"": 0, \""value\"": 0.52}, \""rsd\"": {\""confidence\"": 100, \""original_case_value\"": \""alapeno Peppers\"", \""value\"": \""JALAPENO PEPPERS\""}, \""totalPrice\"": {\""confidence\"": 0, \""value\"": 0.51}, \""uom\"": {\""confidence\"": 0, \""value\"": \""lb\""}}, {\""infoLines\"": [{\""line\"": 1016, \""text\"": {\""confidence\"": 100, \""value\"": \""0.72 lb @ 1.79 USD/1b\""}, \""type\"": {\""confidence\"": 100, \""value\"": \""Weight\""}}], \""line\"": 1015, \""price\"": {\""confidence\"": 0, \""value\"": 1.79}, \""price_postfix\"": \""F\"", \""qty\"": {\""confidence\"": 0, \""value\"": 0.72}, \""rsd\"": {\""confidence\"": 100, \""original_case_value\"": \""ed Onions\"", \""value\"": \""ED ONIONS\""}, \""totalPrice\"": {\""confidence\"": 0, \""value\"": 1.29}, \""uom\"": {\""confidence\"": 0, \""value\"": \""LB\""}}, {\""infoLines\"": [{\""line\"": 1018, \""text\"": {\""confidence\"": 100, \""value\"": \""4.49 lb @ 1.49 USD/lb\""}, \""type\"": {\""confidence\"": 100, \""value\"": \""Weight\""}}], \""line\"": 1017, \""price\"": {\""confidence\"": 0, \""value\"": 1.49}, \""price_postfix\"": \""F\"", \""qty\"": {\""confidence\"": 0, \""value\"": 4.49}, \""rsd\"": {\""confidence\"": 100, \""original_case_value\"": \""ed Potatoes\"", \""value\"": \""RED POTATOES\""}, \""totalPrice\"": {\""confidence\"": 0, \""value\"": 6.69}, \""uom\"": {\""confidence\"": 0, \""value\"": \""lb\""}}, {\""infoLines\"": [{\""line\"": 1020, \""text\"": {\""confidence\"": 100, \""value\"": \""2.27 lb @ 0.79 USD/1b\""}, \""type\"": {\""confidence\"": 100, \""value\"": \""Weight\""}}], \""line\"": 1019, \""price\"": {\""confidence\"": 0, \""value\"": 0.79}, \""price_postfix\"": \""F\"", \""qty\"": {\""confidence\"": 0, \""value\"": 2.27}, \""rsd\"": {\""confidence\"": 100, \""original_case_value\"": \""rganic Bananas\"", \""value\"": \""ORGANIC BANANAS\""}, \""totalPrice\"": {\""confidence\"": 0, \""value\"": 1.79}, \""uom\"": {\""confidence\"": 0, \""value\"": \""LB\""}}, {\""infoLines\"": [{\""line\"": 1022, \""text\"": {\""confidence\"": 100, \""value\"": \""2 @ 0.50\""}, \""type\"": {\""confidence\"": 100, \""value\"": \""Quantity\""}}, {\""line\"": 1023, \""text\"": {\""confidence\"": 100, \""value\"": \""Regular Price $0.79\""}, \""type\"": {\""confidence\"": 100, \""value\"": \""\""}}], \""line\"": 1021, \""price\"": {\""confidence\"": 99.96244049072266, \""value\"": 0.5}, \""price_postfix\"": \""F\"", \""qty\"": {\""confidence\"": 0, \""value\"": 2}, \""rsd\"": {\""confidence\"": 100, \""original_case_value\"": \""reen Bell Peppers\"", \""value\"": \""GREEN BELL PEPPERS\""}, \""totalPrice\"": {\""confidence\"": 0, \""value\"": 1}}, {\""infoLines\"": [{\""line\"": 1025, \""text\"": {\""confidence\"": 100, \""value\"": \""1.97 lb @ 0.99 USD/lb\""}, \""type\"": {\""confidence\"": 100, \""value\"": \""Weight\""}}, {\""line\"": 1026, \""text\"": {\""confidence\"": 100, \""value\"": \""Regular Price 1.29 USD/lb\""}, \""type\"": {\""confidence\"": 100, \""value\"": \""\""}}], \""line\"": 1024, \""price\"": {\""confidence\"": 0, \""value\"": 0.99}, \""price_postfix\"": \""F\"", \""qty\"": {\""confidence\"": 0, \""value\"": 1.97}, \""rsd\"": {\""confidence\"": 100, \""original_case_value\"": \""oma Tomatoes\"", \""value\"": \""ROMA TOMATOES\""}, \""totalPrice\"": {\""confidence\"": 0, \""value\"": 1.95}, \""uom\"": {\""confidence\"": 0, \""value\"": \""lb\""}}, {\""infoLines\"": [{\""line\"": 1028, \""text\"": {\""confidence\"": 100, \""value\"": \""1.00 lb @ 3.99 USD/lb\""}, \""type\"": {\""confidence\"": 100, \""value\"": \""Weight\""}}], \""line\"": 1027, \""price\"": {\""confidence\"": 0, \""value\"": 3.99}, \""price_postfix\"": \""F\"", \""qty\"": {\""confidence\"": 0, \""value\"": 1}, \""rsd\"": {\""confidence\"": 100, \""original_case_value\"": \""kra\"", \""value\"": \""KRA\""}, \""totalPrice\"": {\""confidence\"": 0, \""value\"": 3.99}, \""uom\"": {\""confidence\"": 0, \""value\"": \""lb\""}}, {\""line\"": 1031, \""price\"": {\""confidence\"": 99.96468353271484, \""value\"": 3.99}, \""price_postfix\"": \""F\"", \""qty\"": {\""confidence\"": 0, \""value\"": 1}, \""rsd\"": {\""confidence\"": 99.88463592529297, \""original_case_value\"": \""irst Street Whole Milk\"", \""value\"": \""IRST STREET WHOLE MILK\""}, \""totalPrice\"": {\""confidence\"": 0, \""value\"": 3.99}}, {\""line\"": 1034, \""price\"": {\""confidence\"": 99.98667907714844, \""value\"": 5.39}, \""price_postfix\"": \""F\"", \""qty\"": {\""confidence\"": 0, \""value\"": 1}, \""rsd\"": {\""confidence\"": 99.9664535522461, \""original_case_value\"": \""uerrero Wheat Soft Tac\"", \""value\"": \""UERRERO WHEAT SOFT TAC\""}, \""totalPrice\"": {\""confidence\"": 0, \""value\"": 5.39}}, {\""fullPrice\"": {\""confidence\"": 0, \""value\"": 3.99}, \""infoLines\"": [{\""line\"": 1036, \""text\"": {\""confidence\"": 100, \""value\"": \""Regular Price $3.99\""}, \""type\"": {\""confidence\"": 100, \""value\"": \""Full Price\""}}], \""line\"": 1035, \""price\"": {\""confidence\"": 99.98884582519531, \""value\"": 3.49}, \""price_postfix\"": \""F\"", \""qty\"": {\""confidence\"": 0, \""value\"": 1}, \""rsd\"": {\""confidence\"": 99.97156524658203, \""original_case_value\"": \""imbo Pan Blanco Grande\"", \""value\"": \""IMBO PAN BLANCO GRANDE\""}, \""totalPrice\"": {\""confidence\"": 0, \""value\"": 3.49}}, {\""line\"": 1039, \""price\"": {\""confidence\"": 99.99076843261719, \""value\"": 7.99}, \""price_postfix\"": \""F\"", \""qty\"": {\""confidence\"": 0, \""value\"": 1}, \""rsd\"": {\""confidence\"": 99.97166442871094, \""original_case_value\"": \""heckers Rallys Famous\"", \""value\"": \""HECKERS RALLYS FAMOUS\""}, \""totalPrice\"": {\""confidence\"": 0, \""value\"": 7.99}}, {\""line\"": 1042, \""price\"": {\""confidence\"": 99.978759765625, \""value\"": 4.59}, \""price_postfix\"": \""F\"", \""qty\"": {\""confidence\"": 0, \""value\"": 1}, \""rsd\"": {\""confidence\"": 99.93623352050781, \""original_case_value\"": \""irst Street Vegetable\"", \""value\"": \""IRST STREET VEGETABLE\""}, \""totalPrice\"": {\""confidence\"": 0, \""value\"": 4.59}}, {\""fullPrice\"": {\""confidence\"": 0, \""value\"": 5.99}, \""infoLines\"": [{\""line\"": 1044, \""text\"": {\""confidence\"": 100, \""value\"": \""Regular Price $5.99\""}, \""type\"": {\""confidence\"": 100, \""value\"": \""Full Price\""}}], \""line\"": 1043, \""price\"": {\""confidence\"": 99.98783111572266, \""value\"": 4.99}, \""price_postfix\"": \""F\"", \""qty\"": {\""confidence\"": 0, \""value\"": 1}, \""rsd\"": {\""confidence\"": 99.98619842529297, \""original_case_value\"": \""heetos Flamin Hot Part\"", \""value\"": \""HEETOS FLAMIN HOT PART\""}, \""totalPrice\"": {\""confidence\"": 0, \""value\"": 4.99}}, {\""fullPrice\"": {\""confidence\"": 0, \""value\"": 5.99}, \""infoLines\"": [{\""line\"": 1046, \""text\"": {\""confidence\"": 100, \""value\"": \""Regular Price $5.99\""}, \""type\"": {\""confidence\"": 100, \""value\"": \""Full Price\""}}], \""line\"": 1045, \""price\"": {\""confidence\"": 99.98542022705078, \""value\"": 4.99}, \""price_postfix\"": \""F\"", \""qty\"": {\""confidence\"": 0, \""value\"": 1}, \""rsd\"": {\""confidence\"": 99.97748565673828, \""original_case_value\"": \""heetos Flamin Hot Part\"", \""value\"": \""HEETOS FLAMIN HOT PART\""}, \""totalPrice\"": {\""confidence\"": 0, \""value\"": 4.99}}, {\""line\"": 1049, \""price\"": {\""confidence\"": 99.99154663085938, \""value\"": 0}, \""qty\"": {\""confidence\"": 0, \""value\"": 1}, \""rsd\"": {\""confidence\"": 99.9925308227539, \""original_case_value\"": \""asket Verify\"", \""value\"": \""ASKET VERIFY\""}, \""totalPrice\"": {\""confidence\"": 0, \""value\"": 0}}, {\""infoLines\"": [{\""line\"": 1051, \""text\"": {\""confidence\"": 100, \""value\"": \""2 @ 0.10\""}, \""type\"": {\""confidence\"": 100, \""value\"": \""Quantity\""}}], \""line\"": 1050, \""price\"": {\""confidence\"": 99.98221588134766, \""value\"": 0.1}, \""qty\"": {\""confidence\"": 0, \""value\"": 2}, \""rsd\"": {\""confidence\"": 99.98221588134766, \""original_case_value\"": \""FI Bag 4 Checkstand Re\"", \""value\"": \""FI BAG 4 CHECKSTAND RE\""}, \""totalPrice\"": {\""confidence\"": 0, \""value\"": 0.2}}], \""purchase_type\"": \""In-Store\"", \""raw_basket\"": \""ggplant 1.94 F\\n0.78 lb @ 2.49 USD/lb\\nilantro 0.98 F\\n2 @ 0.49\\nalapeno Peppers 0.51 F\\n0.52 lb @ 0.99 USD/lb\\ned Onions 1.29 F\\n0.72 lb @ 1.79 USD/1b\\ned Potatoes 6.69 F\\n4.49 lb @ 1.49 USD/lb\\nrganic Bananas 1.79 F\\n2.27 lb @ 0.79 USD/1b\\nreen Bell Peppers 1.00 F\\n2 @ 0.50\\nRegular Price $0.79\\noma Tomatoes 1.95 F\\n1.97 lb @ 0.99 USD/lb\\nRegular Price 1.29 USD/lb\\nkra 3.99 F\\n1.00 lb @ 3.99 USD/lb\\nairy/Deli/Cheese\\nirst Street Whole Milk 3.99 F\\nakery/Bread/Tortillas\\nuerrero Wheat Soft Tac 5.39 F\\nimbo Pan Blanco Grande 3.49 F\\nRegular Price $3.99\\nrozen Food\\nheckers Rallys Famous 7.99 F\\nrocery\\nirst Street Vegetable 4.59 F\\nheetos Flamin Hot Part 4.99 F\\nRegular Price $5.99\\nheetos Flamin Hot Part 4.99 F\\nRegular Price $5.99\\nSeneral\\nasket Verify 0.00\\nFI Bag 4 Checkstand Re 0.20\\n2 @ 0.10\\n\"", \""raw_text_array\"": [\""ingL.\\nWarehouse&Market F emd&Ne hbon\\n\\nStore 702\\n7090 HOLLISTER AVENUE\\nGOLETA, CA 93117\\nTelephone (805) 961-4519\\n\\nProduce/Bulk/Floral\\nggplant 1.94 F\\n0.78 lb @ 2.49 USD/lb\\nilantro 0.98 F\\n2 @ 0.49\\nalapeno Peppers 0.51 F\\n0.52 lb @ 0.99 USD/lb\\ned Onions 1.29 F\\n0.72 lb @ 1.79 USD/1b\\ned Potatoes 6.69 F\\n4.49 lb @ 1.49 USD/lb\\nrganic Bananas 1.79 F\\n2.27 lb @ 0.79 USD/1b\\nreen Bell Peppers 1.00 F\\n2 @ 0.50\\nRegular Price $0.79\\noma Tomatoes 1.95 F\\n1.97 lb @ 0.99 USD/lb\\nRegular Price 1.29 USD/lb\\nkra 3.99 F\\n1.00 lb @ 3.99 USD/lb\\n\\nairy/Deli/Cheese\\nirst Street Whole Milk 3.99 F\\n\\nakery/Bread/Tortillas\\nuerrero Wheat Soft Tac 5.39 F\\nimbo Pan Blanco Grande 3.49 F\\nRegular Price $3.99\\n\\nrozen Food\\nheckers Rallys Famous 7.99 F\\n\\nrocery\\nirst Street Vegetable 4.59 F\\nheetos Flamin Hot Part 4.99 F\\nRegular Price $5.99\\nheetos Flamin Hot Part 4.99 F\\nRegular Price $5.99\\n\\nSeneral\\nasket Verify 0.00\\nFI Bag 4 Checkstand Re 0.20\\n2 @ 0.10\\n-----------\\nUBTOTAL 55.77\\n\\nTotal # Items Sold 21\\n\\n55.77 @ 0.000% = 0.00\\n\\nOTAL 55.77\\nastercard 55.77\\n--------------------------------------\\nPURCHASE $55.77\\n************0811 MC\\nSWIPED\\nREF#: 458482 APPROVED\\n--------------------------------------\\nSmart Advantage Card Holder: 47002250056\\nOoorDash G&C, LLC\\n--------------------\\nTotal Saved $3.67\\ntem Savings 3.67\\n-------------------\\n-------------------\\negend\\nF - food stamp eligible\\n-------------------\\n0010702070924002000184\\n\\n\\nou were served by: Stephania\\nate Time Store Term Opr Tran\\n09/07/24 02:11 PM 702 2 40050 0184\\n\\nThank you for shopping with us!\\n\\nComplete our survey and\\nenter for a chance to win a\\n$500 SMART & FINAL GIFT CARD\\nVisit www.smartandfinal.com/survey\\nwithin 7 days of this shop\\n\\nNow Hiring!\\nwww.smartandfinal.com/careers\\n\\n& That's It\\n\""], \""raw_trip_footer\"": \""-----------\\nUBTOTAL 55.77\\nTotal # Items Sold 21\\n55.77 @ 0.000% = 0.00\\nOTAL 55.77\\nastercard 55.77\\n--------------------------------------\\nPURCHASE $55.77\\n************0811 MC\\nSWIPED\\nREF#: 458482 APPROVED\\n--------------------------------------\\nSmart Advantage Card Holder: 47002250056\\nOoorDash G&C, LLC\\n--------------------\\nTotal Saved $3.67\\ntem Savings 3.67\\n-------------------\\n-------------------\\negend\\nF - food stamp eligible\\n-------------------\\n0010702070924002000184\\nou were served by: Stephania\\nate Time Store Term Opr Tran\\n09/07/24 02:11 PM 702 2 40050 0184\\nThank you for shopping with us!\\nComplete our survey and\\nenter for a chance to win a\\n$500 SMART & FINAL GIFT CARD\\nVisit www.smartandfinal.com/survey\\nwithin 7 days of this shop\\nNow Hiring!\\nwww.smartandfinal.com/careers\\n& That's It\\n\"", \""raw_trip_header\"": \""ingL.\\nWarehouse&Market F emd&Ne hbon\\nStore 702\\n7090 HOLLISTER AVENUE\\nGOLETA, CA 93117\\nTelephone (805) 961-4519\\nProduce/Bulk/Floral\\n\"", \""register\"": {\""confidence\"": 99.97801971435547, \""value\"": \""40050\""}, \""store\"": {\""confidence\"": 99.97801971435547, \""value\"": \""2\""}, \""store_city\"": {\""confidence\"": 100, \""value\"": \""Goleta\""}, \""store_state\"": {\""confidence\"": 100, \""value\"": \""CA\""}, \""store_street\"": {\""confidence\"": 100, \""value\"": \""7090 Hollister Ave.\""}, \""store_zip\"": {\""confidence\"": 100, \""value\"": \""93117\""}, \""subtotal\"": {\""confidence\"": 99.98747253417969, \""value\"": 55.77}, \""time\"": {\""confidence\"": 96.05043029785156, \""value\"": \""14:11\""}, \""total\"": {\""confidence\"": 99.97004699707031, \""value\"": 55.77}, \""transaction\"": {\""confidence\"": 99.97801971435547, \""value\"": \""0184\""}, \""trip_confidence\"": 100, \""blink_receipt_id\"": \""d919cb69-caad-477c-886d-cdb6333cb882\"", \""cashback\"": 0, \""image_urls\"": [\""https://img.cdn4dd.com/cdn-cgi/image/format=auto/https://doordash-static.s3.amazonaws.com/media/photosV2/adbf1f64-51d1-444c-8f1c-18f62ffdac58-retina-large.jpeg\""], \""country_code\"": \""US\"", \""api_version\"": 14}""
  }
]"
"[
  {
    ""key"": ""unmatched_item_info"",
    ""value"": ""[]""
  },
  {
    ""key"": ""embedding_matching_df"",
    ""value"": ""{\""BARQS ROOTBEER 12\"": {\""Red Seedless Grapes (bunch)\"": 0.25706238114502117, \""Scooby Doo Cinnamon Baked Graham Cracker Snacks (12 ct)\"": 0.41019062261620304, \""Nature Valley Crunchy Dipped Chocolate Granola Squares (6 ct)\"": 0.33899622267416657, \""Cheez-It Hot & Spicy Baked Snack Crackers (12.4 oz)\"": 0.3421361494473652, \""The Father's Table Four Slice New York Style Cheesecake (12 oz)\"": 0.24985214522449173, \""Hy-Vee Split Top White Bread (20 oz)\"": 0.26115954324308766, \""Barq's Root Beer Soda Cans (12 oz x 12 ct)\"": 0.7709245653075231, \""Oscar Mayer Deli Fresh Oven Roasted Turkey Breast Lunch Meat (9 oz)\"": 0.24147506553372994, \""Torani Caramel Sauce (16.5 oz)\"": 0.32671141877352466, \""Too Good & Co. Remix Banana, Dark Chocolate, & Honey Crisp Topping Yogurt (4.5 oz)\"": 0.23837137926241916, \""Hy-Vee Halves & Pieces Salted Cashews (8 oz)\"": 0.25902441642821195, \""Simply Done Paper Baking Cup Liners (90 ct)\"": 0.26571891651582313, \""Pop-Tarts Frosted Strawberry Toaster Pastries (8 ct)\"": 0.2941517321836962, \""White Seedless Grapes (bunch)\"": 0.23728996515813267, \""Too Good & Co. Remix Strawberry Dark Chocolate & Almond Topping Yogurt (4.5 oz)\"": 0.25731122442905213, \""Keebler Cheese & Peanut Butter Sandwich Crackers (8 ct)\"": 0.32039183127487153, \""Doritos Flamin Hot Cool Ranch Tortilla Chips (9.25 oz)\"": 0.29437178568096634, \""Whole Seedless Watermelon\"": 0.22916534967493526, \""Simply Done Mini Bowls 0.5 Cup Containers & Lids (2 ct)\"": 0.2513109602223262, \""Jimmy Dean Sausage Biscuit Snack Size Frozen Sandwiches (10 ct)\"": 0.26286616459092743, \""Bag Fee\"": 0.0, \""Bottle Deposit aka CRV\"": 0.0, \""Unknown Item\"": 0.17888289845118158}, \""KBLR SCOOBY CINN\"": {\""Red Seedless Grapes (bunch)\"": 0.20145756143896984, \""Scooby Doo Cinnamon Baked Graham Cracker Snacks (12 ct)\"": 0.4285523343853814, \""Nature Valley Crunchy Dipped Chocolate Granola Squares (6 ct)\"": 0.21727490509032021, \""Cheez-It Hot & Spicy Baked Snack Crackers (12.4 oz)\"": 0.18429858235946334, \""The Father's Table Four Slice New York Style Cheesecake (12 oz)\"": 0.1660891701489072, \""Hy-Vee Split Top White Bread (20 oz)\"": 0.1662067400092523, \""Barq's Root Beer Soda Cans (12 oz x 12 ct)\"": 0.2455064231628078, \""Oscar Mayer Deli Fresh Oven Roasted Turkey Breast Lunch Meat (9 oz)\"": 0.13764656853849438, \""Torani Caramel Sauce (16.5 oz)\"": 0.21946954263786522, \""Too Good & Co. Remix Banana, Dark Chocolate, & Honey Crisp Topping Yogurt (4.5 oz)\"": 0.2553318447676978, \""Hy-Vee Halves & Pieces Salted Cashews (8 oz)\"": 0.17390387008141456, \""Simply Done Paper Baking Cup Liners (90 ct)\"": 0.20220916775042722, \""Pop-Tarts Frosted Strawberry Toaster Pastries (8 ct)\"": 0.17947009193931443, \""White Seedless Grapes (bunch)\"": 0.19583615649726316, \""Too Good & Co. Remix Strawberry Dark Chocolate & Almond Topping Yogurt (4.5 oz)\"": 0.2405361473797521, \""Keebler Cheese & Peanut Butter Sandwich Crackers (8 ct)\"": 0.22294072994753122, \""Doritos Flamin Hot Cool Ranch Tortilla Chips (9.25 oz)\"": 0.2092583583956272, \""Whole Seedless Watermelon\"": 0.15332560221054534, \""Simply Done Mini Bowls 0.5 Cup Containers & Lids (2 ct)\"": 0.20372685691944792, \""Jimmy Dean Sausage Biscuit Snack Size Frozen Sandwiches (10 ct)\"": 0.17151061947906415, \""Bag Fee\"": 0.0, \""Bottle Deposit aka CRV\"": 0.0, \""Unknown Item\"": 0.21041392576874357}, \""CHEEZ-IT HOT & SP\"": {\""Red Seedless Grapes (bunch)\"": 0.21760716572206984, \""Scooby Doo Cinnamon Baked Graham Cracker Snacks (12 ct)\"": 0.40163306819330735, \""Nature Valley Crunchy Dipped Chocolate Granola Squares (6 ct)\"": 0.36009835658600653, \""Cheez-It Hot & Spicy Baked Snack Crackers (12.4 oz)\"": 0.7201876274803783, \""The Father's Table Four Slice New York Style Cheesecake (12 oz)\"": 0.24031509637740858, \""Hy-Vee Split Top White Bread (20 oz)\"": 0.2498662903499032, \""Barq's Root Beer Soda Cans (12 oz x 12 ct)\"": 0.23115439357564832, \""Oscar Mayer Deli Fresh Oven Roasted Turkey Breast Lunch Meat (9 oz)\"": 0.28824468272351966, \""Torani Caramel Sauce (16.5 oz)\"": 0.2518239450453947, \""Too Good & Co. Remix Banana, Dark Chocolate, & Honey Crisp Topping Yogurt (4.5 oz)\"": 0.3028849432380163, \""Hy-Vee Halves & Pieces Salted Cashews (8 oz)\"": 0.37706131458993386, \""Simply Done Paper Baking Cup Liners (90 ct)\"": 0.24092623254735115, \""Pop-Tarts Frosted Strawberry Toaster Pastries (8 ct)\"": 0.32949094354265346, \""White Seedless Grapes (bunch)\"": 0.21733936233093354, \""Too Good & Co. Remix Strawberry Dark Chocolate & Almond Topping Yogurt (4.5 oz)\"": 0.3117174799349207, \""Keebler Cheese & Peanut Butter Sandwich Crackers (8 ct)\"": 0.457699320227815, \""Doritos Flamin Hot Cool Ranch Tortilla Chips (9.25 oz)\"": 0.5158629295312077, \""Whole Seedless Watermelon\"": 0.22239246612143437, \""Simply Done Mini Bowls 0.5 Cup Containers & Lids (2 ct)\"": 0.2857996317063154, \""Jimmy Dean Sausage Biscuit Snack Size Frozen Sandwiches (10 ct)\"": 0.3009360272318962, \""Bag Fee\"": 0.0, \""Bottle Deposit aka CRV\"": 0.0, \""Unknown Item\"": 0.2052666018150837}, \""JD MINI SAUSAGE B\"": {\""Red Seedless Grapes (bunch)\"": 0.27442209852330085, \""Scooby Doo Cinnamon Baked Graham Cracker Snacks (12 ct)\"": 0.3495931891717069, \""Nature Valley Crunchy Dipped Chocolate Granola Squares (6 ct)\"": 0.24373370997179497, \""Cheez-It Hot & Spicy Baked Snack Crackers (12.4 oz)\"": 0.2833203620412911, \""The Father's Table Four Slice New York Style Cheesecake (12 oz)\"": 0.23906163305982586, \""Hy-Vee Split Top White Bread (20 oz)\"": 0.259794435911396, \""Barq's Root Beer Soda Cans (12 oz x 12 ct)\"": 0.23864740756737313, \""Oscar Mayer Deli Fresh Oven Roasted Turkey Breast Lunch Meat (9 oz)\"": 0.3454164015052866, \""Torani Caramel Sauce (16.5 oz)\"": 0.23604138448028278, \""Too Good & Co. Remix Banana, Dark Chocolate, & Honey Crisp Topping Yogurt (4.5 oz)\"": 0.261307268060116, \""Hy-Vee Halves & Pieces Salted Cashews (8 oz)\"": 0.2607068401569512, \""Simply Done Paper Baking Cup Liners (90 ct)\"": 0.27124539898563715, \""Pop-Tarts Frosted Strawberry Toaster Pastries (8 ct)\"": 0.26772182730736765, \""White Seedless Grapes (bunch)\"": 0.27062442985874013, \""Too Good & Co. Remix Strawberry Dark Chocolate & Almond Topping Yogurt (4.5 oz)\"": 0.24879189071930147, \""Keebler Cheese & Peanut Butter Sandwich Crackers (8 ct)\"": 0.28610287042040744, \""Doritos Flamin Hot Cool Ranch Tortilla Chips (9.25 oz)\"": 0.2500512164578166, \""Whole Seedless Watermelon\"": 0.2128102252559729, \""Simply Done Mini Bowls 0.5 Cup Containers & Lids (2 ct)\"": 0.3421299489852816, \""Jimmy Dean Sausage Biscuit Snack Size Frozen Sandwiches (10 ct)\"": 0.4920452011801592, \""Bag Fee\"": 0.0, \""Bottle Deposit aka CRV\"": 0.0, \""Unknown Item\"": 0.2004179933858685}, \""NV CRNCHY DIP CHO\"": {\""Red Seedless Grapes (bunch)\"": 0.29073423153240585, \""Scooby Doo Cinnamon Baked Graham Cracker Snacks (12 ct)\"": 0.37108355364536766, \""Nature Valley Crunchy Dipped Chocolate Granola Squares (6 ct)\"": 0.4948158587994596, \""Cheez-It Hot & Spicy Baked Snack Crackers (12.4 oz)\"": 0.400196214046331, \""The Father's Table Four Slice New York Style Cheesecake (12 oz)\"": 0.2274722691453375, \""Hy-Vee Split Top White Bread (20 oz)\"": 0.25530709903650506, \""Barq's Root Beer Soda Cans (12 oz x 12 ct)\"": 0.23577675828636624, \""Oscar Mayer Deli Fresh Oven Roasted Turkey Breast Lunch Meat (9 oz)\"": 0.25763647699731773, \""Torani Caramel Sauce (16.5 oz)\"": 0.30654398102910346, \""Too Good & Co. Remix Banana, Dark Chocolate, & Honey Crisp Topping Yogurt (4.5 oz)\"": 0.3825690420687225, \""Hy-Vee Halves & Pieces Salted Cashews (8 oz)\"": 0.3956148052011476, \""Simply Done Paper Baking Cup Liners (90 ct)\"": 0.24544007414422106, \""Pop-Tarts Frosted Strawberry Toaster Pastries (8 ct)\"": 0.24915519547958034, \""White Seedless Grapes (bunch)\"": 0.28313302514975375, \""Too Good & Co. Remix Strawberry Dark Chocolate & Almond Topping Yogurt (4.5 oz)\"": 0.3703463873968322, \""Keebler Cheese & Peanut Butter Sandwich Crackers (8 ct)\"": 0.3841165749535999, \""Doritos Flamin Hot Cool Ranch Tortilla Chips (9.25 oz)\"": 0.44553069312651883, \""Whole Seedless Watermelon\"": 0.2365767980756182, \""Simply Done Mini Bowls 0.5 Cup Containers & Lids (2 ct)\"": 0.3079423129782345, \""Jimmy Dean Sausage Biscuit Snack Size Frozen Sandwiches (10 ct)\"": 0.27190481401200955, \""Bag Fee\"": 0.0, \""Bottle Deposit aka CRV\"": 0.0, \""Unknown Item\"": 0.19057830503213596}, \""KBLR CHS & PB CRC\"": {\""Red Seedless Grapes (bunch)\"": 0.22465105150019538, \""Scooby Doo Cinnamon Baked Graham Cracker Snacks (12 ct)\"": 0.1699399266854083, \""Nature Valley Crunchy Dipped Chocolate Granola Squares (6 ct)\"": 0.2014153222776244, \""Cheez-It Hot & Spicy Baked Snack Crackers (12.4 oz)\"": 0.16891862388749526, \""The Father's Table Four Slice New York Style Cheesecake (12 oz)\"": 0.10306238776171504, \""Hy-Vee Split Top White Bread (20 oz)\"": 0.13136384821313604, \""Barq's Root Beer Soda Cans (12 oz x 12 ct)\"": 0.21459969465552853, \""Oscar Mayer Deli Fresh Oven Roasted Turkey Breast Lunch Meat (9 oz)\"": 0.11190528282576288, \""Torani Caramel Sauce (16.5 oz)\"": 0.1631620325852613, \""Too Good & Co. Remix Banana, Dark Chocolate, & Honey Crisp Topping Yogurt (4.5 oz)\"": 0.18932759548038663, \""Hy-Vee Halves & Pieces Salted Cashews (8 oz)\"": 0.19497122297756533, \""Simply Done Paper Baking Cup Liners (90 ct)\"": 0.16462925783202423, \""Pop-Tarts Frosted Strawberry Toaster Pastries (8 ct)\"": 0.18689909774686073, \""White Seedless Grapes (bunch)\"": 0.21762772391774496, \""Too Good & Co. Remix Strawberry Dark Chocolate & Almond Topping Yogurt (4.5 oz)\"": 0.20663289875965102, \""Keebler Cheese & Peanut Butter Sandwich Crackers (8 ct)\"": 0.24058590007677533, \""Doritos Flamin Hot Cool Ranch Tortilla Chips (9.25 oz)\"": 0.1557768358997476, \""Whole Seedless Watermelon\"": 0.16248154958333902, \""Simply Done Mini Bowls 0.5 Cup Containers & Lids (2 ct)\"": 0.17541745200077316, \""Jimmy Dean Sausage Biscuit Snack Size Frozen Sandwiches (10 ct)\"": 0.12795438456755973, \""Bag Fee\"": 0.0, \""Bottle Deposit aka CRV\"": 0.0, \""Unknown Item\"": 0.21667399524938089}, \""DORITOS FH COOL R\"": {\""Red Seedless Grapes (bunch)\"": 0.24525423327932763, \""Scooby Doo Cinnamon Baked Graham Cracker Snacks (12 ct)\"": 0.3310829718708929, \""Nature Valley Crunchy Dipped Chocolate Granola Squares (6 ct)\"": 0.3378341664686541, \""Cheez-It Hot & Spicy Baked Snack Crackers (12.4 oz)\"": 0.4037012181060917, \""The Father's Table Four Slice New York Style Cheesecake (12 oz)\"": 0.21129519714740258, \""Hy-Vee Split Top White Bread (20 oz)\"": 0.23415350598234777, \""Barq's Root Beer Soda Cans (12 oz x 12 ct)\"": 0.28735435606111187, \""Oscar Mayer Deli Fresh Oven Roasted Turkey Breast Lunch Meat (9 oz)\"": 0.26431109192472685, \""Torani Caramel Sauce (16.5 oz)\"": 0.25217556787861556, \""Too Good & Co. Remix Banana, Dark Chocolate, & Honey Crisp Topping Yogurt (4.5 oz)\"": 0.3134351592912792, \""Hy-Vee Halves & Pieces Salted Cashews (8 oz)\"": 0.31641571125789414, \""Simply Done Paper Baking Cup Liners (90 ct)\"": 0.24529504878525324, \""Pop-Tarts Frosted Strawberry Toaster Pastries (8 ct)\"": 0.34696848177198697, \""White Seedless Grapes (bunch)\"": 0.22559523712750465, \""Too Good & Co. Remix Strawberry Dark Chocolate & Almond Topping Yogurt (4.5 oz)\"": 0.32775440501174335, \""Keebler Cheese & Peanut Butter Sandwich Crackers (8 ct)\"": 0.3283861525492126, \""Doritos Flamin Hot Cool Ranch Tortilla Chips (9.25 oz)\"": 0.6086930353305965, \""Whole Seedless Watermelon\"": 0.26339500883326256, \""Simply Done Mini Bowls 0.5 Cup Containers & Lids (2 ct)\"": 0.28004746843221956, \""Jimmy Dean Sausage Biscuit Snack Size Frozen Sandwiches (10 ct)\"": 0.3090860785823369, \""Bag Fee\"": 0.0, \""Bottle Deposit aka CRV\"": 0.0, \""Unknown Item\"": 0.24033745882150426}, \""PTARTS FRSTD STR\"": {\""Red Seedless Grapes (bunch)\"": 0.23533153563078138, \""Scooby Doo Cinnamon Baked Graham Cracker Snacks (12 ct)\"": 0.21079232601342549, \""Nature Valley Crunchy Dipped Chocolate Granola Squares (6 ct)\"": 0.24368765575881018, \""Cheez-It Hot & Spicy Baked Snack Crackers (12.4 oz)\"": 0.21885585540845037, \""The Father's Table Four Slice New York Style Cheesecake (12 oz)\"": 0.26424608570840685, \""Hy-Vee Split Top White Bread (20 oz)\"": 0.19442804443507677, \""Barq's Root Beer Soda Cans (12 oz x 12 ct)\"": 0.23788859351294758, \""Oscar Mayer Deli Fresh Oven Roasted Turkey Breast Lunch Meat (9 oz)\"": 0.20604086938397642, \""Torani Caramel Sauce (16.5 oz)\"": 0.27906021752486165, \""Too Good & Co. Remix Banana, Dark Chocolate, & Honey Crisp Topping Yogurt (4.5 oz)\"": 0.30408238042376534, \""Hy-Vee Halves & Pieces Salted Cashews (8 oz)\"": 0.20146055965874546, \""Simply Done Paper Baking Cup Liners (90 ct)\"": 0.23140072709121887, \""Pop-Tarts Frosted Strawberry Toaster Pastries (8 ct)\"": 0.40801440833873454, \""White Seedless Grapes (bunch)\"": 0.2182617887191476, \""Too Good & Co. Remix Strawberry Dark Chocolate & Almond Topping Yogurt (4.5 oz)\"": 0.3545846234501586, \""Keebler Cheese & Peanut Butter Sandwich Crackers (8 ct)\"": 0.24455758280449008, \""Doritos Flamin Hot Cool Ranch Tortilla Chips (9.25 oz)\"": 0.24257583488436055, \""Whole Seedless Watermelon\"": 0.20960969532078955, \""Simply Done Mini Bowls 0.5 Cup Containers & Lids (2 ct)\"": 0.1883675401265531, \""Jimmy Dean Sausage Biscuit Snack Size Frozen Sandwiches (10 ct)\"": 0.28102955167128296, \""Bag Fee\"": 0.0, \""Bottle Deposit aka CRV\"": 0.0, \""Unknown Item\"": 0.2644963805763781}, \""TOO GOOD REMIX ST\"": {\""Red Seedless Grapes (bunch)\"": 0.11845228705573486, \""Scooby Doo Cinnamon Baked Graham Cracker Snacks (12 ct)\"": 0.16920899489727403, \""Nature Valley Crunchy Dipped Chocolate Granola Squares (6 ct)\"": 0.13851877107817198, \""Cheez-It Hot & Spicy Baked Snack Crackers (12.4 oz)\"": 0.17147955038694107, \""The Father's Table Four Slice New York Style Cheesecake (12 oz)\"": 0.13759219366617548, \""Hy-Vee Split Top White Bread (20 oz)\"": 0.09735287184830417, \""Barq's Root Beer Soda Cans (12 oz x 12 ct)\"": 0.12689371255225707, \""Oscar Mayer Deli Fresh Oven Roasted Turkey Breast Lunch Meat (9 oz)\"": 0.10971290702533204, \""Torani Caramel Sauce (16.5 oz)\"": 0.1841238586866664, \""Too Good & Co. Remix Banana, Dark Chocolate, & Honey Crisp Topping Yogurt (4.5 oz)\"": 0.449789473037512, \""Hy-Vee Halves & Pieces Salted Cashews (8 oz)\"": 0.0841892989763412, \""Simply Done Paper Baking Cup Liners (90 ct)\"": 0.13554998201652402, \""Pop-Tarts Frosted Strawberry Toaster Pastries (8 ct)\"": 0.2093028577212058, \""White Seedless Grapes (bunch)\"": 0.11307350292321552, \""Too Good & Co. Remix Strawberry Dark Chocolate & Almond Topping Yogurt (4.5 oz)\"": 0.44936844890245753, \""Keebler Cheese & Peanut Butter Sandwich Crackers (8 ct)\"": 0.16682823505071892, \""Doritos Flamin Hot Cool Ranch Tortilla Chips (9.25 oz)\"": 0.183881399494498, \""Whole Seedless Watermelon\"": 0.11207990513999316, \""Simply Done Mini Bowls 0.5 Cup Containers & Lids (2 ct)\"": 0.16229600754994847, \""Jimmy Dean Sausage Biscuit Snack Size Frozen Sandwiches (10 ct)\"": 0.1419262095260092, \""Bag Fee\"": 0.17572473901230012, \""Bottle Deposit aka CRV\"": 0.13986929633696898, \""Unknown Item\"": 0.10926012527826659}, \""TOO GOOD REMIX BA\"": {\""Red Seedless Grapes (bunch)\"": 0.13412950584207936, \""Scooby Doo Cinnamon Baked Graham Cracker Snacks (12 ct)\"": 0.16900898101185935, \""Nature Valley Crunchy Dipped Chocolate Granola Squares (6 ct)\"": 0.13172264617789967, \""Cheez-It Hot & Spicy Baked Snack Crackers (12.4 oz)\"": 0.16309870514866925, \""The Father's Table Four Slice New York Style Cheesecake (12 oz)\"": 0.1378086180991464, \""Hy-Vee Split Top White Bread (20 oz)\"": 0.10265182375627058, \""Barq's Root Beer Soda Cans (12 oz x 12 ct)\"": 0.1417919888479662, \""Oscar Mayer Deli Fresh Oven Roasted Turkey Breast Lunch Meat (9 oz)\"": 0.10576155696424622, \""Torani Caramel Sauce (16.5 oz)\"": 0.17993142379752922, \""Too Good & Co. Remix Banana, Dark Chocolate, & Honey Crisp Topping Yogurt (4.5 oz)\"": 0.46864407992526336, \""Hy-Vee Halves & Pieces Salted Cashews (8 oz)\"": 0.0853257915422548, \""Simply Done Paper Baking Cup Liners (90 ct)\"": 0.13685551284183084, \""Pop-Tarts Frosted Strawberry Toaster Pastries (8 ct)\"": 0.18625566206941577, \""White Seedless Grapes (bunch)\"": 0.12709546398611304, \""Too Good & Co. Remix Strawberry Dark Chocolate & Almond Topping Yogurt (4.5 oz)\"": 0.43446612738202645, \""Keebler Cheese & Peanut Butter Sandwich Crackers (8 ct)\"": 0.15487660513056264, \""Doritos Flamin Hot Cool Ranch Tortilla Chips (9.25 oz)\"": 0.188606690787509, \""Whole Seedless Watermelon\"": 0.11206663906353184, \""Simply Done Mini Bowls 0.5 Cup Containers & Lids (2 ct)\"": 0.17025790402555813, \""Jimmy Dean Sausage Biscuit Snack Size Frozen Sandwiches (10 ct)\"": 0.13209129382236523, \""Bag Fee\"": 0.23876258247447302, \""Bottle Deposit aka CRV\"": 0.14144378251871462, \""Unknown Item\"": 0.10411952669922792}, \""FT CHSCAKE NY STY\"": {\""Red Seedless Grapes (bunch)\"": 0.18702456638854756, \""Scooby Doo Cinnamon Baked Graham Cracker Snacks (12 ct)\"": 0.22488647649252302, \""Nature Valley Crunchy Dipped Chocolate Granola Squares (6 ct)\"": 0.2607328539384782, \""Cheez-It Hot & Spicy Baked Snack Crackers (12.4 oz)\"": 0.2343566777728392, \""The Father's Table Four Slice New York Style Cheesecake (12 oz)\"": 0.39802066564797534, \""Hy-Vee Split Top White Bread (20 oz)\"": 0.21275503141963079, \""Barq's Root Beer Soda Cans (12 oz x 12 ct)\"": 0.16298570306386817, \""Oscar Mayer Deli Fresh Oven Roasted Turkey Breast Lunch Meat (9 oz)\"": 0.18278758017940971, \""Torani Caramel Sauce (16.5 oz)\"": 0.2653624789664468, \""Too Good & Co. Remix Banana, Dark Chocolate, & Honey Crisp Topping Yogurt (4.5 oz)\"": 0.2881118434631589, \""Hy-Vee Halves & Pieces Salted Cashews (8 oz)\"": 0.21752424124413094, \""Simply Done Paper Baking Cup Liners (90 ct)\"": 0.26930326884095496, \""Pop-Tarts Frosted Strawberry Toaster Pastries (8 ct)\"": 0.30091270607397486, \""White Seedless Grapes (bunch)\"": 0.189775117292491, \""Too Good & Co. Remix Strawberry Dark Chocolate & Almond Topping Yogurt (4.5 oz)\"": 0.28836223030277996, \""Keebler Cheese & Peanut Butter Sandwich Crackers (8 ct)\"": 0.23176020757080568, \""Doritos Flamin Hot Cool Ranch Tortilla Chips (9.25 oz)\"": 0.2216128884475475, \""Whole Seedless Watermelon\"": 0.1806042331146792, \""Simply Done Mini Bowls 0.5 Cup Containers & Lids (2 ct)\"": 0.2171794455402171, \""Jimmy Dean Sausage Biscuit Snack Size Frozen Sandwiches (10 ct)\"": 0.17517667739093176, \""Bag Fee\"": 0.0, \""Bottle Deposit aka CRV\"": 0.0, \""Unknown Item\"": 0.2153276337827675}, \""WHL SDLS WATERMEL\"": {\""Red Seedless Grapes (bunch)\"": 0.29006287522771823, \""Scooby Doo Cinnamon Baked Graham Cracker Snacks (12 ct)\"": 0.17147507328908104, \""Nature Valley Crunchy Dipped Chocolate Granola Squares (6 ct)\"": 0.19439482816422812, \""Cheez-It Hot & Spicy Baked Snack Crackers (12.4 oz)\"": 0.1584705994894199, \""The Father's Table Four Slice New York Style Cheesecake (12 oz)\"": 0.16496326220081875, \""Hy-Vee Split Top White Bread (20 oz)\"": 0.2408516991092596, \""Barq's Root Beer Soda Cans (12 oz x 12 ct)\"": 0.212360631254896, \""Oscar Mayer Deli Fresh Oven Roasted Turkey Breast Lunch Meat (9 oz)\"": 0.18229755744870488, \""Torani Caramel Sauce (16.5 oz)\"": 0.18995707100318812, \""Too Good & Co. Remix Banana, Dark Chocolate, & Honey Crisp Topping Yogurt (4.5 oz)\"": 0.1995034724363586, \""Hy-Vee Halves & Pieces Salted Cashews (8 oz)\"": 0.22895062423145057, \""Simply Done Paper Baking Cup Liners (90 ct)\"": 0.17169239604804865, \""Pop-Tarts Frosted Strawberry Toaster Pastries (8 ct)\"": 0.18456706744114404, \""White Seedless Grapes (bunch)\"": 0.28629778405088235, \""Too Good & Co. Remix Strawberry Dark Chocolate & Almond Topping Yogurt (4.5 oz)\"": 0.20964624925045072, \""Keebler Cheese & Peanut Butter Sandwich Crackers (8 ct)\"": 0.19039420291656514, \""Doritos Flamin Hot Cool Ranch Tortilla Chips (9.25 oz)\"": 0.1974566997317274, \""Whole Seedless Watermelon\"": 0.4735413365794811, \""Simply Done Mini Bowls 0.5 Cup Containers & Lids (2 ct)\"": 0.19530130515758337, \""Jimmy Dean Sausage Biscuit Snack Size Frozen Sandwiches (10 ct)\"": 0.17131471270799378, \""Bag Fee\"": 0.0, \""Bottle Deposit aka CRV\"": 0.0, \""Unknown Item\"": 0.22397649358691837}, \""SIMPLY BAKING CUP\"": {\""Red Seedless Grapes (bunch)\"": 0.2068340172015463, \""Scooby Doo Cinnamon Baked Graham Cracker Snacks (12 ct)\"": 0.36341559987837335, \""Nature Valley Crunchy Dipped Chocolate Granola Squares (6 ct)\"": 0.2801699357145001, \""Cheez-It Hot & Spicy Baked Snack Crackers (12.4 oz)\"": 0.2866990732389865, \""The Father's Table Four Slice New York Style Cheesecake (12 oz)\"": 0.2606639957925954, \""Hy-Vee Split Top White Bread (20 oz)\"": 0.26437339348035227, \""Barq's Root Beer Soda Cans (12 oz x 12 ct)\"": 0.2552235767086612, \""Oscar Mayer Deli Fresh Oven Roasted Turkey Breast Lunch Meat (9 oz)\"": 0.18967141617882746, \""Torani Caramel Sauce (16.5 oz)\"": 0.27522206876989613, \""Too Good & Co. Remix Banana, Dark Chocolate, & Honey Crisp Topping Yogurt (4.5 oz)\"": 0.30697017631479795, \""Hy-Vee Halves & Pieces Salted Cashews (8 oz)\"": 0.21394216443181294, \""Simply Done Paper Baking Cup Liners (90 ct)\"": 0.5615551033990583, \""Pop-Tarts Frosted Strawberry Toaster Pastries (8 ct)\"": 0.30634675799242905, \""White Seedless Grapes (bunch)\"": 0.2121943750719384, \""Too Good & Co. Remix Strawberry Dark Chocolate & Almond Topping Yogurt (4.5 oz)\"": 0.30225044240115945, \""Keebler Cheese & Peanut Butter Sandwich Crackers (8 ct)\"": 0.3055902804975485, \""Doritos Flamin Hot Cool Ranch Tortilla Chips (9.25 oz)\"": 0.2015258651874065, \""Whole Seedless Watermelon\"": 0.2049321229151039, \""Simply Done Mini Bowls 0.5 Cup Containers & Lids (2 ct)\"": 0.454210289747159, \""Jimmy Dean Sausage Biscuit Snack Size Frozen Sandwiches (10 ct)\"": 0.2699062867004027, \""Bag Fee\"": 0.0, \""Bottle Deposit aka CRV\"": 0.0, \""Unknown Item\"": 0.17735613924533244}, \""B B RED SDLSS GRA\"": {\""Red Seedless Grapes (bunch)\"": 0.32602553695910974, \""Scooby Doo Cinnamon Baked Graham Cracker Snacks (12 ct)\"": 0.20135463841397208, \""Nature Valley Crunchy Dipped Chocolate Granola Squares (6 ct)\"": 0.15134701320967425, \""Cheez-It Hot & Spicy Baked Snack Crackers (12.4 oz)\"": 0.16564040055023546, \""The Father's Table Four Slice New York Style Cheesecake (12 oz)\"": 0.12054388963364042, \""Hy-Vee Split Top White Bread (20 oz)\"": 0.15689774167151627, \""Barq's Root Beer Soda Cans (12 oz x 12 ct)\"": 0.21662324090513643, \""Oscar Mayer Deli Fresh Oven Roasted Turkey Breast Lunch Meat (9 oz)\"": 0.15229794041512318, \""Torani Caramel Sauce (16.5 oz)\"": 0.11065140957820825, \""Too Good & Co. Remix Banana, Dark Chocolate, & Honey Crisp Topping Yogurt (4.5 oz)\"": 0.20871358891869712, \""Hy-Vee Halves & Pieces Salted Cashews (8 oz)\"": 0.12478846712142733, \""Simply Done Paper Baking Cup Liners (90 ct)\"": 0.16173220830502022, \""Pop-Tarts Frosted Strawberry Toaster Pastries (8 ct)\"": 0.18366293076892862, \""White Seedless Grapes (bunch)\"": 0.2902469399045884, \""Too Good & Co. Remix Strawberry Dark Chocolate & Almond Topping Yogurt (4.5 oz)\"": 0.22045305437368726, \""Keebler Cheese & Peanut Butter Sandwich Crackers (8 ct)\"": 0.17325727110273995, \""Doritos Flamin Hot Cool Ranch Tortilla Chips (9.25 oz)\"": 0.18099937462431376, \""Whole Seedless Watermelon\"": 0.1933716245327643, \""Simply Done Mini Bowls 0.5 Cup Containers & Lids (2 ct)\"": 0.17544775366021723, \""Jimmy Dean Sausage Biscuit Snack Size Frozen Sandwiches (10 ct)\"": 0.20485909621702453, \""Bag Fee\"": 0.0, \""Bottle Deposit aka CRV\"": 0.0, \""Unknown Item\"": 0.23416479631026527}, \""B B GRN SDLS GRAP\"": {\""Red Seedless Grapes (bunch)\"": 0.38773265251521194, \""Scooby Doo Cinnamon Baked Graham Cracker Snacks (12 ct)\"": 0.2260718412957037, \""Nature Valley Crunchy Dipped Chocolate Granola Squares (6 ct)\"": 0.2269830455885293, \""Cheez-It Hot & Spicy Baked Snack Crackers (12.4 oz)\"": 0.1741781235521394, \""The Father's Table Four Slice New York Style Cheesecake (12 oz)\"": 0.11740328872134055, \""Hy-Vee Split Top White Bread (20 oz)\"": 0.16048521514145891, \""Barq's Root Beer Soda Cans (12 oz x 12 ct)\"": 0.2025850384414796, \""Oscar Mayer Deli Fresh Oven Roasted Turkey Breast Lunch Meat (9 oz)\"": 0.14878001054312712, \""Torani Caramel Sauce (16.5 oz)\"": 0.14307173041299845, \""Too Good & Co. Remix Banana, Dark Chocolate, & Honey Crisp Topping Yogurt (4.5 oz)\"": 0.23114809381995585, \""Hy-Vee Halves & Pieces Salted Cashews (8 oz)\"": 0.1488267749790955, \""Simply Done Paper Baking Cup Liners (90 ct)\"": 0.17866895663961246, \""Pop-Tarts Frosted Strawberry Toaster Pastries (8 ct)\"": 0.18982040681677662, \""White Seedless Grapes (bunch)\"": 0.3826364390003611, \""Too Good & Co. Remix Strawberry Dark Chocolate & Almond Topping Yogurt (4.5 oz)\"": 0.2375764946994682, \""Keebler Cheese & Peanut Butter Sandwich Crackers (8 ct)\"": 0.21433814902853768, \""Doritos Flamin Hot Cool Ranch Tortilla Chips (9.25 oz)\"": 0.19064154341501144, \""Whole Seedless Watermelon\"": 0.21059256419559574, \""Simply Done Mini Bowls 0.5 Cup Containers & Lids (2 ct)\"": 0.17740949162678238, \""Jimmy Dean Sausage Biscuit Snack Size Frozen Sandwiches (10 ct)\"": 0.19690247548684023, \""Bag Fee\"": 0.0, \""Bottle Deposit aka CRV\"": 0.0, \""Unknown Item\"": 0.27046334693353086}, \""TORANI CARAMEL SA\"": {\""Red Seedless Grapes (bunch)\"": 0.19785232155770724, \""Scooby Doo Cinnamon Baked Graham Cracker Snacks (12 ct)\"": 0.26093094037792147, \""Nature Valley Crunchy Dipped Chocolate Granola Squares (6 ct)\"": 0.29570009475507, \""Cheez-It Hot & Spicy Baked Snack Crackers (12.4 oz)\"": 0.21052478619459922, \""The Father's Table Four Slice New York Style Cheesecake (12 oz)\"": 0.2650226683329521, \""Hy-Vee Split Top White Bread (20 oz)\"": 0.18309866909996325, \""Barq's Root Beer Soda Cans (12 oz x 12 ct)\"": 0.2807037831894734, \""Oscar Mayer Deli Fresh Oven Roasted Turkey Breast Lunch Meat (9 oz)\"": 0.18018677410125986, \""Torani Caramel Sauce (16.5 oz)\"": 0.6995434339675917, \""Too Good & Co. Remix Banana, Dark Chocolate, & Honey Crisp Topping Yogurt (4.5 oz)\"": 0.31341983855799505, \""Hy-Vee Halves & Pieces Salted Cashews (8 oz)\"": 0.2770683278091254, \""Simply Done Paper Baking Cup Liners (90 ct)\"": 0.2425344015077017, \""Pop-Tarts Frosted Strawberry Toaster Pastries (8 ct)\"": 0.23991375748793656, \""White Seedless Grapes (bunch)\"": 0.196688305172898, \""Too Good & Co. Remix Strawberry Dark Chocolate & Almond Topping Yogurt (4.5 oz)\"": 0.3228149817706475, \""Keebler Cheese & Peanut Butter Sandwich Crackers (8 ct)\"": 0.22043544774079366, \""Doritos Flamin Hot Cool Ranch Tortilla Chips (9.25 oz)\"": 0.23120078684426226, \""Whole Seedless Watermelon\"": 0.1986312143566965, \""Simply Done Mini Bowls 0.5 Cup Containers & Lids (2 ct)\"": 0.2154470909504196, \""Jimmy Dean Sausage Biscuit Snack Size Frozen Sandwiches (10 ct)\"": 0.20148779641930706, \""Bag Fee\"": 0.0, \""Bottle Deposit aka CRV\"": 0.0, \""Unknown Item\"": 0.18936255122808213}, \""HYV SPLIT TOP WHI\"": {\""Red Seedless Grapes (bunch)\"": 0.26650541226022983, \""Scooby Doo Cinnamon Baked Graham Cracker Snacks (12 ct)\"": 0.22496281041873978, \""Nature Valley Crunchy Dipped Chocolate Granola Squares (6 ct)\"": 0.26280195458930034, \""Cheez-It Hot & Spicy Baked Snack Crackers (12.4 oz)\"": 0.2371634775474153, \""The Father's Table Four Slice New York Style Cheesecake (12 oz)\"": 0.2815678691059767, \""Hy-Vee Split Top White Bread (20 oz)\"": 0.5633099927608938, \""Barq's Root Beer Soda Cans (12 oz x 12 ct)\"": 0.16302215458825595, \""Oscar Mayer Deli Fresh Oven Roasted Turkey Breast Lunch Meat (9 oz)\"": 0.2056301363389959, \""Torani Caramel Sauce (16.5 oz)\"": 0.21938031531530497, \""Too Good & Co. Remix Banana, Dark Chocolate, & Honey Crisp Topping Yogurt (4.5 oz)\"": 0.28874970458949617, \""Hy-Vee Halves & Pieces Salted Cashews (8 oz)\"": 0.29629041695635655, \""Simply Done Paper Baking Cup Liners (90 ct)\"": 0.26695034450789745, \""Pop-Tarts Frosted Strawberry Toaster Pastries (8 ct)\"": 0.25431959797201725, \""White Seedless Grapes (bunch)\"": 0.27114143452526623, \""Too Good & Co. Remix Strawberry Dark Chocolate & Almond Topping Yogurt (4.5 oz)\"": 0.27065001294200036, \""Keebler Cheese & Peanut Butter Sandwich Crackers (8 ct)\"": 0.28201801795477666, \""Doritos Flamin Hot Cool Ranch Tortilla Chips (9.25 oz)\"": 0.218114608715051, \""Whole Seedless Watermelon\"": 0.26296963931942396, \""Simply Done Mini Bowls 0.5 Cup Containers & Lids (2 ct)\"": 0.2648203819601646, \""Jimmy Dean Sausage Biscuit Snack Size Frozen Sandwiches (10 ct)\"": 0.21615068509955843, \""Bag Fee\"": 0.0, \""Bottle Deposit aka CRV\"": 0.0, \""Unknown Item\"": 0.20267027928066395}, \""OM DF OVN RST TUR\"": {\""Red Seedless Grapes (bunch)\"": 0.20151140848655805, \""Scooby Doo Cinnamon Baked Graham Cracker Snacks (12 ct)\"": 0.13621783764019177, \""Nature Valley Crunchy Dipped Chocolate Granola Squares (6 ct)\"": 0.12721891259736506, \""Cheez-It Hot & Spicy Baked Snack Crackers (12.4 oz)\"": 0.09932811687543099, \""The Father's Table Four Slice New York Style Cheesecake (12 oz)\"": 0.14147440340660722, \""Hy-Vee Split Top White Bread (20 oz)\"": 0.11473584944441591, \""Barq's Root Beer Soda Cans (12 oz x 12 ct)\"": 0.10836602471145862, \""Oscar Mayer Deli Fresh Oven Roasted Turkey Breast Lunch Meat (9 oz)\"": 0.2523051178447855, \""Torani Caramel Sauce (16.5 oz)\"": 0.1907129123542598, \""Too Good & Co. Remix Banana, Dark Chocolate, & Honey Crisp Topping Yogurt (4.5 oz)\"": 0.1805433730811407, \""Hy-Vee Halves & Pieces Salted Cashews (8 oz)\"": 0.10083052197312298, \""Simply Done Paper Baking Cup Liners (90 ct)\"": 0.14404670896548444, \""Pop-Tarts Frosted Strawberry Toaster Pastries (8 ct)\"": 0.1710145347457127, \""White Seedless Grapes (bunch)\"": 0.17327364924266433, \""Too Good & Co. Remix Strawberry Dark Chocolate & Almond Topping Yogurt (4.5 oz)\"": 0.21496366537636943, \""Keebler Cheese & Peanut Butter Sandwich Crackers (8 ct)\"": 0.1104459118793622, \""Doritos Flamin Hot Cool Ranch Tortilla Chips (9.25 oz)\"": 0.1707653026504886, \""Whole Seedless Watermelon\"": 0.11760709267859147, \""Simply Done Mini Bowls 0.5 Cup Containers & Lids (2 ct)\"": 0.16126219168705763, \""Jimmy Dean Sausage Biscuit Snack Size Frozen Sandwiches (10 ct)\"": 0.14562493248990582, \""Bag Fee\"": 0.0, \""Bottle Deposit aka CRV\"": 0.0, \""Unknown Item\"": 0.3119157862957952}, \""HYV SLTD HLVS&PCS\"": {\""Red Seedless Grapes (bunch)\"": 0.21269393863705008, \""Scooby Doo Cinnamon Baked Graham Cracker Snacks (12 ct)\"": 0.14754087921229822, \""Nature Valley Crunchy Dipped Chocolate Granola Squares (6 ct)\"": 0.1919753065260192, \""Cheez-It Hot & Spicy Baked Snack Crackers (12.4 oz)\"": 0.19574973675836943, \""The Father's Table Four Slice New York Style Cheesecake (12 oz)\"": 0.16767862524153923, \""Hy-Vee Split Top White Bread (20 oz)\"": 0.23128319828162228, \""Barq's Root Beer Soda Cans (12 oz x 12 ct)\"": 0.16995231230444113, \""Oscar Mayer Deli Fresh Oven Roasted Turkey Breast Lunch Meat (9 oz)\"": 0.13314448284257988, \""Torani Caramel Sauce (16.5 oz)\"": 0.1471032547772276, \""Too Good & Co. Remix Banana, Dark Chocolate, & Honey Crisp Topping Yogurt (4.5 oz)\"": 0.18982109383976287, \""Hy-Vee Halves & Pieces Salted Cashews (8 oz)\"": 0.2671581395307119, \""Simply Done Paper Baking Cup Liners (90 ct)\"": 0.1934420806840934, \""Pop-Tarts Frosted Strawberry Toaster Pastries (8 ct)\"": 0.18928369837096026, \""White Seedless Grapes (bunch)\"": 0.2032967730627676, \""Too Good & Co. Remix Strawberry Dark Chocolate & Almond Topping Yogurt (4.5 oz)\"": 0.20576552321256888, \""Keebler Cheese & Peanut Butter Sandwich Crackers (8 ct)\"": 0.19915498445976854, \""Doritos Flamin Hot Cool Ranch Tortilla Chips (9.25 oz)\"": 0.20957427803322443, \""Whole Seedless Watermelon\"": 0.1778892319861714, \""Simply Done Mini Bowls 0.5 Cup Containers & Lids (2 ct)\"": 0.19924435469299104, \""Jimmy Dean Sausage Biscuit Snack Size Frozen Sandwiches (10 ct)\"": 0.13938852737349908, \""Bag Fee\"": 0.0, \""Bottle Deposit aka CRV\"": 0.0, \""Unknown Item\"": 0.2576489170049139}, \""SIMPLY MINI BOWLS\"": {\""Red Seedless Grapes (bunch)\"": 0.24434725703802052, \""Scooby Doo Cinnamon Baked Graham Cracker Snacks (12 ct)\"": 0.3007809336401282, \""Nature Valley Crunchy Dipped Chocolate Granola Squares (6 ct)\"": 0.29592799196889186, \""Cheez-It Hot & Spicy Baked Snack Crackers (12.4 oz)\"": 0.25092652910135144, \""The Father's Table Four Slice New York Style Cheesecake (12 oz)\"": 0.2242464383252777, \""Hy-Vee Split Top White Bread (20 oz)\"": 0.20197503432300098, \""Barq's Root Beer Soda Cans (12 oz x 12 ct)\"": 0.23059423664209427, \""Oscar Mayer Deli Fresh Oven Roasted Turkey Breast Lunch Meat (9 oz)\"": 0.1991218194885445, \""Torani Caramel Sauce (16.5 oz)\"": 0.2566406810809707, \""Too Good & Co. Remix Banana, Dark Chocolate, & Honey Crisp Topping Yogurt (4.5 oz)\"": 0.3511583568998139, \""Hy-Vee Halves & Pieces Salted Cashews (8 oz)\"": 0.2621227970209412, \""Simply Done Paper Baking Cup Liners (90 ct)\"": 0.38293093401637857, \""Pop-Tarts Frosted Strawberry Toaster Pastries (8 ct)\"": 0.23889849287721635, \""White Seedless Grapes (bunch)\"": 0.24831217083724996, \""Too Good & Co. Remix Strawberry Dark Chocolate & Almond Topping Yogurt (4.5 oz)\"": 0.3269837850498536, \""Keebler Cheese & Peanut Butter Sandwich Crackers (8 ct)\"": 0.2739529418963016, \""Doritos Flamin Hot Cool Ranch Tortilla Chips (9.25 oz)\"": 0.23713742228449738, \""Whole Seedless Watermelon\"": 0.2492377412387958, \""Simply Done Mini Bowls 0.5 Cup Containers & Lids (2 ct)\"": 0.6233422996469176, \""Jimmy Dean Sausage Biscuit Snack Size Frozen Sandwiches (10 ct)\"": 0.26400059296253303, \""Bag Fee\"": 0.0, \""Bottle Deposit aka CRV\"": 0.0, \""Unknown Item\"": 0.1461874178540833}, \""Unknown Item\"": {\""Red Seedless Grapes (bunch)\"": 0.2419946318212413, \""Scooby Doo Cinnamon Baked Graham Cracker Snacks (12 ct)\"": 0.1693736108055855, \""Nature Valley Crunchy Dipped Chocolate Granola Squares (6 ct)\"": 0.16029170830101683, \""Cheez-It Hot & Spicy Baked Snack Crackers (12.4 oz)\"": 0.18682809643658918, \""The Father's Table Four Slice New York Style Cheesecake (12 oz)\"": 0.15302565429138235, \""Hy-Vee Split Top White Bread (20 oz)\"": 0.1362527900098918, \""Barq's Root Beer Soda Cans (12 oz x 12 ct)\"": 0.13787325329474556, \""Oscar Mayer Deli Fresh Oven Roasted Turkey Breast Lunch Meat (9 oz)\"": 0.16029255663485306, \""Torani Caramel Sauce (16.5 oz)\"": 0.15176558745955482, \""Too Good & Co. Remix Banana, Dark Chocolate, & Honey Crisp Topping Yogurt (4.5 oz)\"": 0.1767143320958467, \""Hy-Vee Halves & Pieces Salted Cashews (8 oz)\"": 0.16762015848338147, \""Simply Done Paper Baking Cup Liners (90 ct)\"": 0.1470022075092872, \""Pop-Tarts Frosted Strawberry Toaster Pastries (8 ct)\"": 0.1802560582930401, \""White Seedless Grapes (bunch)\"": 0.2527513173550852, \""Too Good & Co. Remix Strawberry Dark Chocolate & Almond Topping Yogurt (4.5 oz)\"": 0.19244596707627634, \""Keebler Cheese & Peanut Butter Sandwich Crackers (8 ct)\"": 0.1694043361061991, \""Doritos Flamin Hot Cool Ranch Tortilla Chips (9.25 oz)\"": 0.18387212526411315, \""Whole Seedless Watermelon\"": 0.21507362957919873, \""Simply Done Mini Bowls 0.5 Cup Containers & Lids (2 ct)\"": 0.17809979838643317, \""Jimmy Dean Sausage Biscuit Snack Size Frozen Sandwiches (10 ct)\"": 0.1494452208526578, \""Bag Fee\"": 0.30045181350725836, \""Bottle Deposit aka CRV\"": 0.21779990495262982, \""Unknown Item\"": 0.9990000776809496}}""
  },
  {
    ""key"": ""total_amount"",
    ""value"": ""{\""money\"": {\""unit_amount\"": 9894, \""currency\"": \""USD\"", \""display_string\"": \""None98.94\"", \""decimal_places\"": 2, \""sign\"": null, \""symbol\"": null}, \""confidence_score\"": 1.0}""
  },
  {
    ""key"": ""discount_amount"",
    ""value"": ""{\""money\"": {\""unit_amount\"": 0, \""currency\"": \""USD\"", \""display_string\"": \""None0.00\"", \""decimal_places\"": 2, \""sign\"": null, \""symbol\"": null}, \""confidence_score\"": 1.0}""
  },
  {
    ""key"": ""business_id"",
    ""value"": ""601693""
  },
  {
    ""key"": ""subtotal_amount"",
    ""value"": ""{\""money\"": {\""unit_amount\"": 9894, \""currency\"": \""USD\"", \""display_string\"": \""None98.94\"", \""decimal_places\"": 2, \""sign\"": null, \""symbol\"": null}, \""confidence_score\"": 1.0}""
  },
  {
    ""key"": ""tax_confidence_score"",
    ""value"": ""1.0""
  },
  {
    ""key"": ""matched_item_info"",
    ""value"": ""[{\""merchant_supplied_id\"": \""126685\"", \""display_name\"": \""Barq's Root Beer Soda Cans (12 oz x 12 ct)\"", \""ocr_description\"": \""BARQS ROOTBEER 12\"", \""quantity\"": {\""value\"": 1.0}, \""price_per_unit\"": {\""unit_amount\"": 899, \""currency\"": \""USD\"", \""display_string\"": \""None8.99\"", \""decimal_places\"": 2, \""sign\"": null, \""symbol\"": null}, \""item_price\"": {\""unit_amount\"": 899, \""currency\"": \""USD\"", \""display_string\"": \""None8.99\"", \""decimal_places\"": 2, \""sign\"": null, \""symbol\"": null}, \""non_discount_price_per_unit\"": {\""unit_amount\"": 0, \""currency\"": \""USD\"", \""display_string\"": \""None0.00\"", \""decimal_places\"": 2, \""sign\"": null, \""symbol\"": null}, \""non_discount_item_price\"": {\""unit_amount\"": 0, \""currency\"": \""USD\"", \""display_string\"": \""None0.00\"", \""decimal_places\"": 2, \""sign\"": null, \""symbol\"": null}, \""sold_by_weight\"": false, \""confidence_score\"": 1.0}, {\""merchant_supplied_id\"": \""44284\"", \""display_name\"": \""Scooby Doo Cinnamon Baked Graham Cracker Snacks (12 ct)\"", \""ocr_description\"": \""KBLR SCOOBY CINN\"", \""quantity\"": {\""value\"": 1.0}, \""price_per_unit\"": {\""unit_amount\"": 678, \""currency\"": \""USD\"", \""display_string\"": \""None6.78\"", \""decimal_places\"": 2, \""sign\"": null, \""symbol\"": null}, \""item_price\"": {\""unit_amount\"": 678, \""currency\"": \""USD\"", \""display_string\"": \""None6.78\"", \""decimal_places\"": 2, \""sign\"": null, \""symbol\"": null}, \""non_discount_price_per_unit\"": {\""unit_amount\"": 0, \""currency\"": \""USD\"", \""display_string\"": \""None0.00\"", \""decimal_places\"": 2, \""sign\"": null, \""symbol\"": null}, \""non_discount_item_price\"": {\""unit_amount\"": 0, \""currency\"": \""USD\"", \""display_string\"": \""None0.00\"", \""decimal_places\"": 2, \""sign\"": null, \""symbol\"": null}, \""sold_by_weight\"": false, \""confidence_score\"": 1.0}, {\""merchant_supplied_id\"": \""163965\"", \""display_name\"": \""Cheez-It Hot & Spicy Baked Snack Crackers (12.4 oz)\"", \""ocr_description\"": \""CHEEZ-IT HOT & SP\"", \""quantity\"": {\""value\"": 1.0}, \""price_per_unit\"": {\""unit_amount\"": 378, \""currency\"": \""USD\"", \""display_string\"": \""None3.78\"", \""decimal_places\"": 2, \""sign\"": null, \""symbol\"": null}, \""item_price\"": {\""unit_amount\"": 378, \""currency\"": \""USD\"", \""display_string\"": \""None3.78\"", \""decimal_places\"": 2, \""sign\"": null, \""symbol\"": null}, \""non_discount_price_per_unit\"": {\""unit_amount\"": 0, \""currency\"": \""USD\"", \""display_string\"": \""None0.00\"", \""decimal_places\"": 2, \""sign\"": null, \""symbol\"": null}, \""non_discount_item_price\"": {\""unit_amount\"": 0, \""currency\"": \""USD\"", \""display_string\"": \""None0.00\"", \""decimal_places\"": 2, \""sign\"": null, \""symbol\"": null}, \""sold_by_weight\"": false, \""confidence_score\"": 1.0}, {\""merchant_supplied_id\"": \""220494\"", \""display_name\"": \""Jimmy Dean Sausage Biscuit Snack Size Frozen Sandwiches (10 ct)\"", \""ocr_description\"": \""JD MINI SAUSAGE B\"", \""quantity\"": {\""value\"": 1.0}, \""price_per_unit\"": {\""unit_amount\"": 859, \""currency\"": \""USD\"", \""display_string\"": \""None8.59\"", \""decimal_places\"": 2, \""sign\"": null, \""symbol\"": null}, \""item_price\"": {\""unit_amount\"": 859, \""currency\"": \""USD\"", \""display_string\"": \""None8.59\"", \""decimal_places\"": 2, \""sign\"": null, \""symbol\"": null}, \""non_discount_price_per_unit\"": {\""unit_amount\"": 0, \""currency\"": \""USD\"", \""display_string\"": \""None0.00\"", \""decimal_places\"": 2, \""sign\"": null, \""symbol\"": null}, \""non_discount_item_price\"": {\""unit_amount\"": 0, \""currency\"": \""USD\"", \""display_string\"": \""None0.00\"", \""decimal_places\"": 2, \""sign\"": null, \""symbol\"": null}, \""sold_by_weight\"": false, \""confidence_score\"": 1.0}, {\""merchant_supplied_id\"": \""3594646\"", \""display_name\"": \""Nature Valley Crunchy Dipped Chocolate Granola Squares (6 ct)\"", \""ocr_description\"": \""NV CRNCHY DIP CHO\"", \""quantity\"": {\""value\"": 2.0}, \""price_per_unit\"": {\""unit_amount\"": 342, \""currency\"": \""USD\"", \""display_string\"": \""None3.42\"", \""decimal_places\"": 2, \""sign\"": null, \""symbol\"": null}, \""item_price\"": {\""unit_amount\"": 684, \""currency\"": \""USD\"", \""display_string\"": \""None6.84\"", \""decimal_places\"": 2, \""sign\"": null, \""symbol\"": null}, \""non_discount_price_per_unit\"": {\""unit_amount\"": 0, \""currency\"": \""USD\"", \""display_string\"": \""None0.00\"", \""decimal_places\"": 2, \""sign\"": null, \""symbol\"": null}, \""non_discount_item_price\"": {\""unit_amount\"": 0, \""currency\"": \""USD\"", \""display_string\"": \""None0.00\"", \""decimal_places\"": 2, \""sign\"": null, \""symbol\"": null}, \""sold_by_weight\"": false, \""confidence_score\"": 1.0}, {\""merchant_supplied_id\"": \""8235\"", \""display_name\"": \""Keebler Cheese & Peanut Butter Sandwich Crackers (8 ct)\"", \""ocr_description\"": \""KBLR CHS & PB CRC\"", \""quantity\"": {\""value\"": 1.0}, \""price_per_unit\"": {\""unit_amount\"": 459, \""currency\"": \""USD\"", \""display_string\"": \""None4.59\"", \""decimal_places\"": 2, \""sign\"": null, \""symbol\"": null}, \""item_price\"": {\""unit_amount\"": 459, \""currency\"": \""USD\"", \""display_string\"": \""None4.59\"", \""decimal_places\"": 2, \""sign\"": null, \""symbol\"": null}, \""non_discount_price_per_unit\"": {\""unit_amount\"": 0, \""currency\"": \""USD\"", \""display_string\"": \""None0.00\"", \""decimal_places\"": 2, \""sign\"": null, \""symbol\"": null}, \""non_discount_item_price\"": {\""unit_amount\"": 0, \""currency\"": \""USD\"", \""display_string\"": \""None0.00\"", \""decimal_places\"": 2, \""sign\"": null, \""symbol\"": null}, \""sold_by_weight\"": false, \""confidence_score\"": 1.0}, {\""merchant_supplied_id\"": \""3409134\"", \""display_name\"": \""Doritos Flamin Hot Cool Ranch Tortilla Chips (9.25 oz)\"", \""ocr_description\"": \""DORITOS FH COOL R\"", \""quantity\"": {\""value\"": 1.0}, \""price_per_unit\"": {\""unit_amount\"": 198, \""currency\"": \""USD\"", \""display_string\"": \""None1.98\"", \""decimal_places\"": 2, \""sign\"": null, \""symbol\"": null}, \""item_price\"": {\""unit_amount\"": 198, \""currency\"": \""USD\"", \""display_string\"": \""None1.98\"", \""decimal_places\"": 2, \""sign\"": null, \""symbol\"": null}, \""non_discount_price_per_unit\"": {\""unit_amount\"": 0, \""currency\"": \""USD\"", \""display_string\"": \""None0.00\"", \""decimal_places\"": 2, \""sign\"": null, \""symbol\"": null}, \""non_discount_item_price\"": {\""unit_amount\"": 0, \""currency\"": \""USD\"", \""display_string\"": \""None0.00\"", \""decimal_places\"": 2, \""sign\"": null, \""symbol\"": null}, \""sold_by_weight\"": false, \""confidence_score\"": 1.0}, {\""merchant_supplied_id\"": \""3017979\"", \""display_name\"": \""Pop-Tarts Frosted Strawberry Toaster Pastries (8 ct)\"", \""ocr_description\"": \""PTARTS FRSTD STR\"", \""quantity\"": {\""value\"": 1.0}, \""price_per_unit\"": {\""unit_amount\"": 299, \""currency\"": \""USD\"", \""display_string\"": \""None2.99\"", \""decimal_places\"": 2, \""sign\"": null, \""symbol\"": null}, \""item_price\"": {\""unit_amount\"": 299, \""currency\"": \""USD\"", \""display_string\"": \""None2.99\"", \""decimal_places\"": 2, \""sign\"": null, \""symbol\"": null}, \""non_discount_price_per_unit\"": {\""unit_amount\"": 0, \""currency\"": \""USD\"", \""display_string\"": \""None0.00\"", \""decimal_places\"": 2, \""sign\"": null, \""symbol\"": null}, \""non_discount_item_price\"": {\""unit_amount\"": 0, \""currency\"": \""USD\"", \""display_string\"": \""None0.00\"", \""decimal_places\"": 2, \""sign\"": null, \""symbol\"": null}, \""sold_by_weight\"": false, \""confidence_score\"": 1.0}, {\""merchant_supplied_id\"": \""3881763\"", \""display_name\"": \""Too Good & Co. Remix Strawberry Dark Chocolate & Almond Topping Yogurt (4.5 oz)\"", \""ocr_description\"": \""TOO GOOD REMIX ST\"", \""quantity\"": {\""value\"": 2.0}, \""price_per_unit\"": {\""unit_amount\"": 100, \""currency\"": \""USD\"", \""display_string\"": \""None1.00\"", \""decimal_places\"": 2, \""sign\"": null, \""symbol\"": null}, \""item_price\"": {\""unit_amount\"": 200, \""currency\"": \""USD\"", \""display_string\"": \""None2.00\"", \""decimal_places\"": 2, \""sign\"": null, \""symbol\"": null}, \""non_discount_price_per_unit\"": {\""unit_amount\"": 0, \""currency\"": \""USD\"", \""display_string\"": \""None0.00\"", \""decimal_places\"": 2, \""sign\"": null, \""symbol\"": null}, \""non_discount_item_price\"": {\""unit_amount\"": 0, \""currency\"": \""USD\"", \""display_string\"": \""None0.00\"", \""decimal_places\"": 2, \""sign\"": null, \""symbol\"": null}, \""sold_by_weight\"": false, \""confidence_score\"": 1.0}, {\""merchant_supplied_id\"": \""3881764\"", \""display_name\"": \""Too Good & Co. Remix Banana, Dark Chocolate, & Honey Crisp Topping Yogurt (4.5 oz)\"", \""ocr_description\"": \""TOO GOOD REMIX BA\"", \""quantity\"": {\""value\"": 4.0}, \""price_per_unit\"": {\""unit_amount\"": 100, \""currency\"": \""USD\"", \""display_string\"": \""None1.00\"", \""decimal_places\"": 2, \""sign\"": null, \""symbol\"": null}, \""item_price\"": {\""unit_amount\"": 400, \""currency\"": \""USD\"", \""display_string\"": \""None4.00\"", \""decimal_places\"": 2, \""sign\"": null, \""symbol\"": null}, \""non_discount_price_per_unit\"": {\""unit_amount\"": 0, \""currency\"": \""USD\"", \""display_string\"": \""None0.00\"", \""decimal_places\"": 2, \""sign\"": null, \""symbol\"": null}, \""non_discount_item_price\"": {\""unit_amount\"": 0, \""currency\"": \""USD\"", \""display_string\"": \""None0.00\"", \""decimal_places\"": 2, \""sign\"": null, \""symbol\"": null}, \""sold_by_weight\"": false, \""confidence_score\"": 1.0}, {\""merchant_supplied_id\"": \""3858\"", \""display_name\"": \""The Father's Table Four Slice New York Style Cheesecake (12 oz)\"", \""ocr_description\"": \""FT CHSCAKE NY STY\"", \""quantity\"": {\""value\"": 1.0}, \""price_per_unit\"": {\""unit_amount\"": 599, \""currency\"": \""USD\"", \""display_string\"": \""None5.99\"", \""decimal_places\"": 2, \""sign\"": null, \""symbol\"": null}, \""item_price\"": {\""unit_amount\"": 599, \""currency\"": \""USD\"", \""display_string\"": \""None5.99\"", \""decimal_places\"": 2, \""sign\"": null, \""symbol\"": null}, \""non_discount_price_per_unit\"": {\""unit_amount\"": 0, \""currency\"": \""USD\"", \""display_string\"": \""None0.00\"", \""decimal_places\"": 2, \""sign\"": null, \""symbol\"": null}, \""non_discount_item_price\"": {\""unit_amount\"": 0, \""currency\"": \""USD\"", \""display_string\"": \""None0.00\"", \""decimal_places\"": 2, \""sign\"": null, \""symbol\"": null}, \""sold_by_weight\"": false, \""confidence_score\"": 1.0}, {\""merchant_supplied_id\"": \""37187\"", \""display_name\"": \""Whole Seedless Watermelon\"", \""ocr_description\"": \""WHL SDLS WATERMEL\"", \""quantity\"": {\""value\"": 1.0}, \""price_per_unit\"": {\""unit_amount\"": 599, \""currency\"": \""USD\"", \""display_string\"": \""None5.99\"", \""decimal_places\"": 2, \""sign\"": null, \""symbol\"": null}, \""item_price\"": {\""unit_amount\"": 599, \""currency\"": \""USD\"", \""display_string\"": \""None5.99\"", \""decimal_places\"": 2, \""sign\"": null, \""symbol\"": null}, \""non_discount_price_per_unit\"": {\""unit_amount\"": 0, \""currency\"": \""USD\"", \""display_string\"": \""None0.00\"", \""decimal_places\"": 2, \""sign\"": null, \""symbol\"": null}, \""non_discount_item_price\"": {\""unit_amount\"": 0, \""currency\"": \""USD\"", \""display_string\"": \""None0.00\"", \""decimal_places\"": 2, \""sign\"": null, \""symbol\"": null}, \""sold_by_weight\"": false, \""confidence_score\"": 1.0}, {\""merchant_supplied_id\"": \""2153634\"", \""display_name\"": \""Simply Done Paper Baking Cup Liners (90 ct)\"", \""ocr_description\"": \""SIMPLY BAKING CUP\"", \""quantity\"": {\""value\"": 1.0}, \""price_per_unit\"": {\""unit_amount\"": 159, \""currency\"": \""USD\"", \""display_string\"": \""None1.59\"", \""decimal_places\"": 2, \""sign\"": null, \""symbol\"": null}, \""item_price\"": {\""unit_amount\"": 159, \""currency\"": \""USD\"", \""display_string\"": \""None1.59\"", \""decimal_places\"": 2, \""sign\"": null, \""symbol\"": null}, \""non_discount_price_per_unit\"": {\""unit_amount\"": 0, \""currency\"": \""USD\"", \""display_string\"": \""None0.00\"", \""decimal_places\"": 2, \""sign\"": null, \""symbol\"": null}, \""non_discount_item_price\"": {\""unit_amount\"": 0, \""currency\"": \""USD\"", \""display_string\"": \""None0.00\"", \""decimal_places\"": 2, \""sign\"": null, \""symbol\"": null}, \""sold_by_weight\"": false, \""confidence_score\"": 1.0}, {\""merchant_supplied_id\"": \""37183\"", \""display_name\"": \""White Seedless Grapes (bunch)\"", \""ocr_description\"": \""B B RED SDLSS GRA\"", \""quantity\"": {\""value\"": 3.2}, \""price_per_unit\"": {\""unit_amount\"": 199, \""currency\"": \""USD\"", \""display_string\"": \""None1.99\"", \""decimal_places\"": 2, \""sign\"": null, \""symbol\"": null}, \""item_price\"": {\""unit_amount\"": 637, \""currency\"": \""USD\"", \""display_string\"": \""None6.37\"", \""decimal_places\"": 2, \""sign\"": null, \""symbol\"": null}, \""non_discount_price_per_unit\"": {\""unit_amount\"": 0, \""currency\"": \""USD\"", \""display_string\"": \""None0.00\"", \""decimal_places\"": 2, \""sign\"": null, \""symbol\"": null}, \""non_discount_item_price\"": {\""unit_amount\"": 0, \""currency\"": \""USD\"", \""display_string\"": \""None0.00\"", \""decimal_places\"": 2, \""sign\"": null, \""symbol\"": null}, \""sold_by_weight\"": true, \""confidence_score\"": 1.0}, {\""merchant_supplied_id\"": \""8508\"", \""display_name\"": \""Red Seedless Grapes (bunch)\"", \""ocr_description\"": \""B B GRN SDLS GRAP\"", \""quantity\"": {\""value\"": 3.27}, \""price_per_unit\"": {\""unit_amount\"": 199, \""currency\"": \""USD\"", \""display_string\"": \""None1.99\"", \""decimal_places\"": 2, \""sign\"": null, \""symbol\"": null}, \""item_price\"": {\""unit_amount\"": 651, \""currency\"": \""USD\"", \""display_string\"": \""None6.51\"", \""decimal_places\"": 2, \""sign\"": null, \""symbol\"": null}, \""non_discount_price_per_unit\"": {\""unit_amount\"": 0, \""currency\"": \""USD\"", \""display_string\"": \""None0.00\"", \""decimal_places\"": 2, \""sign\"": null, \""symbol\"": null}, \""non_discount_item_price\"": {\""unit_amount\"": 0, \""currency\"": \""USD\"", \""display_string\"": \""None0.00\"", \""decimal_places\"": 2, \""sign\"": null, \""symbol\"": null}, \""sold_by_weight\"": true, \""confidence_score\"": 1.0}, {\""merchant_supplied_id\"": \""221202\"", \""display_name\"": \""Torani Caramel Sauce (16.5 oz)\"", \""ocr_description\"": \""TORANI CARAMEL SA\"", \""quantity\"": {\""value\"": 1.0}, \""price_per_unit\"": {\""unit_amount\"": 799, \""currency\"": \""USD\"", \""display_string\"": \""None7.99\"", \""decimal_places\"": 2, \""sign\"": null, \""symbol\"": null}, \""item_price\"": {\""unit_amount\"": 799, \""currency\"": \""USD\"", \""display_string\"": \""None7.99\"", \""decimal_places\"": 2, \""sign\"": null, \""symbol\"": null}, \""non_discount_price_per_unit\"": {\""unit_amount\"": 0, \""currency\"": \""USD\"", \""display_string\"": \""None0.00\"", \""decimal_places\"": 2, \""sign\"": null, \""symbol\"": null}, \""non_discount_item_price\"": {\""unit_amount\"": 0, \""currency\"": \""USD\"", \""display_string\"": \""None0.00\"", \""decimal_places\"": 2, \""sign\"": null, \""symbol\"": null}, \""sold_by_weight\"": false, \""confidence_score\"": 1.0}, {\""merchant_supplied_id\"": \""119256\"", \""display_name\"": \""Hy-Vee Split Top White Bread (20 oz)\"", \""ocr_description\"": \""HYV SPLIT TOP WHI\"", \""quantity\"": {\""value\"": 1.0}, \""price_per_unit\"": {\""unit_amount\"": 199, \""currency\"": \""USD\"", \""display_string\"": \""None1.99\"", \""decimal_places\"": 2, \""sign\"": null, \""symbol\"": null}, \""item_price\"": {\""unit_amount\"": 199, \""currency\"": \""USD\"", \""display_string\"": \""None1.99\"", \""decimal_places\"": 2, \""sign\"": null, \""symbol\"": null}, \""non_discount_price_per_unit\"": {\""unit_amount\"": 0, \""currency\"": \""USD\"", \""display_string\"": \""None0.00\"", \""decimal_places\"": 2, \""sign\"": null, \""symbol\"": null}, \""non_discount_item_price\"": {\""unit_amount\"": 0, \""currency\"": \""USD\"", \""display_string\"": \""None0.00\"", \""decimal_places\"": 2, \""sign\"": null, \""symbol\"": null}, \""sold_by_weight\"": false, \""confidence_score\"": 1.0}, {\""merchant_supplied_id\"": \""16252\"", \""display_name\"": \""Oscar Mayer Deli Fresh Oven Roasted Turkey Breast Lunch Meat (9 oz)\"", \""ocr_description\"": \""OM DF OVN RST TUR\"", \""quantity\"": {\""value\"": 1.0}, \""price_per_unit\"": {\""unit_amount\"": 499, \""currency\"": \""USD\"", \""display_string\"": \""None4.99\"", \""decimal_places\"": 2, \""sign\"": null, \""symbol\"": null}, \""item_price\"": {\""unit_amount\"": 499, \""currency\"": \""USD\"", \""display_string\"": \""None4.99\"", \""decimal_places\"": 2, \""sign\"": null, \""symbol\"": null}, \""non_discount_price_per_unit\"": {\""unit_amount\"": 0, \""currency\"": \""USD\"", \""display_string\"": \""None0.00\"", \""decimal_places\"": 2, \""sign\"": null, \""symbol\"": null}, \""non_discount_item_price\"": {\""unit_amount\"": 0, \""currency\"": \""USD\"", \""display_string\"": \""None0.00\"", \""decimal_places\"": 2, \""sign\"": null, \""symbol\"": null}, \""sold_by_weight\"": false, \""confidence_score\"": 1.0}, {\""merchant_supplied_id\"": \""2619988\"", \""display_name\"": \""Hy-Vee Halves & Pieces Salted Cashews (8 oz)\"", \""ocr_description\"": \""HYV SLTD HLVS&PCS\"", \""quantity\"": {\""value\"": 1.0}, \""price_per_unit\"": {\""unit_amount\"": 399, \""currency\"": \""USD\"", \""display_string\"": \""None3.99\"", \""decimal_places\"": 2, \""sign\"": null, \""symbol\"": null}, \""item_price\"": {\""unit_amount\"": 399, \""currency\"": \""USD\"", \""display_string\"": \""None3.99\"", \""decimal_places\"": 2, \""sign\"": null, \""symbol\"": null}, \""non_discount_price_per_unit\"": {\""unit_amount\"": 0, \""currency\"": \""USD\"", \""display_string\"": \""None0.00\"", \""decimal_places\"": 2, \""sign\"": null, \""symbol\"": null}, \""non_discount_item_price\"": {\""unit_amount\"": 0, \""currency\"": \""USD\"", \""display_string\"": \""None0.00\"", \""decimal_places\"": 2, \""sign\"": null, \""symbol\"": null}, \""sold_by_weight\"": false, \""confidence_score\"": 1.0}, {\""merchant_supplied_id\"": \""3866823\"", \""display_name\"": \""Simply Done Mini Bowls 0.5 Cup Containers & Lids (2 ct)\"", \""ocr_description\"": \""SIMPLY MINI BOWLS\"", \""quantity\"": {\""value\"": 1.0}, \""price_per_unit\"": {\""unit_amount\"": 299, \""currency\"": \""USD\"", \""display_string\"": \""None2.99\"", \""decimal_places\"": 2, \""sign\"": null, \""symbol\"": null}, \""item_price\"": {\""unit_amount\"": 299, \""currency\"": \""USD\"", \""display_string\"": \""None2.99\"", \""decimal_places\"": 2, \""sign\"": null, \""symbol\"": null}, \""non_discount_price_per_unit\"": {\""unit_amount\"": 0, \""currency\"": \""USD\"", \""display_string\"": \""None0.00\"", \""decimal_places\"": 2, \""sign\"": null, \""symbol\"": null}, \""non_discount_item_price\"": {\""unit_amount\"": 0, \""currency\"": \""USD\"", \""display_string\"": \""None0.00\"", \""decimal_places\"": 2, \""sign\"": null, \""symbol\"": null}, \""sold_by_weight\"": false, \""confidence_score\"": 1.0}]""
  },
  {
    ""key"": ""bag_fee_info"",
    ""value"": ""{\""quantity\"": {\""value\"": 0}, \""price_per_unit\"": {\""unit_amount\"": 0, \""currency\"": \""USD\"", \""display_string\"": \""None0.00\"", \""decimal_places\"": 2, \""sign\"": null, \""symbol\"": null}, \""item_price\"": {\""unit_amount\"": 0, \""currency\"": \""USD\"", \""display_string\"": \""None0.00\"", \""decimal_places\"": 2, \""sign\"": null, \""symbol\"": null}, \""confidence_score\"": 1.0}""
  },
  {
    ""key"": ""blink_items_df"",
    ""value"": ""{\""ocr_description\"": {\""0\"": \""BARQS ROOTBEER 12\"", \""1\"": \""KBLR SCOOBY CINN\"", \""2\"": \""CHEEZ-IT HOT & SP\"", \""3\"": \""JD MINI SAUSAGE B\"", \""4\"": \""NV CRNCHY DIP CHO\"", \""5\"": \""KBLR CHS & PB CRC\"", \""6\"": \""DORITOS FH COOL R\"", \""7\"": \""PTARTS FRSTD STR\"", \""8\"": \""TOO GOOD REMIX ST\"", \""9\"": \""TOO GOOD REMIX BA\"", \""10\"": \""FT CHSCAKE NY STY\"", \""11\"": \""WHL SDLS WATERMEL\"", \""12\"": \""SIMPLY BAKING CUP\"", \""13\"": \""B B RED SDLSS GRA\"", \""14\"": \""B B GRN SDLS GRAP\"", \""15\"": \""TORANI CARAMEL SA\"", \""16\"": \""HYV SPLIT TOP WHI\"", \""17\"": \""OM DF OVN RST TUR\"", \""18\"": \""HYV SLTD HLVS&PCS\"", \""19\"": \""SIMPLY MINI BOWLS\"", \""20\"": \""discount_cents\"", \""21\"": \""subtotal_cents\"", \""22\"": \""total_tax_cents\"", \""23\"": \""total_cents\""}, \""quantity\"": {\""0\"": 1.0, \""1\"": 1.0, \""2\"": 1.0, \""3\"": 1.0, \""4\"": 2.0, \""5\"": 1.0, \""6\"": 1.0, \""7\"": 1.0, \""8\"": 2.0, \""9\"": 4.0, \""10\"": 1.0, \""11\"": 1.0, \""12\"": 1.0, \""13\"": 3.2, \""14\"": 3.27, \""15\"": 1.0, \""16\"": 1.0, \""17\"": 1.0, \""18\"": 1.0, \""19\"": 1.0, \""20\"": NaN, \""21\"": NaN, \""22\"": NaN, \""23\"": NaN}, \""price_per_unit_cents\"": {\""0\"": 899.0, \""1\"": 678.0, \""2\"": 378.0, \""3\"": 859.0, \""4\"": 342.0, \""5\"": 459.0, \""6\"": 198.0, \""7\"": 299.0, \""8\"": 100.0, \""9\"": 100.0, \""10\"": 599.0, \""11\"": 599.0, \""12\"": 159.0, \""13\"": 199.0, \""14\"": 199.0, \""15\"": 799.0, \""16\"": 199.0, \""17\"": 499.0, \""18\"": 399.0, \""19\"": 299.0, \""20\"": NaN, \""21\"": NaN, \""22\"": NaN, \""23\"": NaN}, \""item_price_cents\"": {\""0\"": 899, \""1\"": 678, \""2\"": 378, \""3\"": 859, \""4\"": 684, \""5\"": 459, \""6\"": 198, \""7\"": 299, \""8\"": 200, \""9\"": 400, \""10\"": 599, \""11\"": 599, \""12\"": 159, \""13\"": 637, \""14\"": 651, \""15\"": 799, \""16\"": 199, \""17\"": 499, \""18\"": 399, \""19\"": 299, \""20\"": 0, \""21\"": 9894, \""22\"": 0, \""23\"": 9894}}""
  },
  {
    ""key"": ""input_swipe_amount"",
    ""value"": ""9894""
  },
  {
    ""key"": ""is_legible"",
    ""value"": ""true""
  },
  {
    ""key"": ""input_item_info"",
    ""value"": ""[{\""merchant_supplied_id\"": \""8508\"", \""display_name\"": \""Red Seedless Grapes (bunch)\"", \""scanned_barcode\"": null}, {\""merchant_supplied_id\"": \""44284\"", \""display_name\"": \""Scooby Doo Cinnamon Baked Graham Cracker Snacks (12 ct)\"", \""scanned_barcode\"": null}, {\""merchant_supplied_id\"": \""3594646\"", \""display_name\"": \""Nature Valley Crunchy Dipped Chocolate Granola Squares (6 ct)\"", \""scanned_barcode\"": null}, {\""merchant_supplied_id\"": \""163965\"", \""display_name\"": \""Cheez-It Hot & Spicy Baked Snack Crackers (12.4 oz)\"", \""scanned_barcode\"": null}, {\""merchant_supplied_id\"": \""3858\"", \""display_name\"": \""The Father's Table Four Slice New York Style Cheesecake (12 oz)\"", \""scanned_barcode\"": null}, {\""merchant_supplied_id\"": \""119256\"", \""display_name\"": \""Hy-Vee Split Top White Bread (20 oz)\"", \""scanned_barcode\"": null}, {\""merchant_supplied_id\"": \""126685\"", \""display_name\"": \""Barq's Root Beer Soda Cans (12 oz x 12 ct)\"", \""scanned_barcode\"": null}, {\""merchant_supplied_id\"": \""16252\"", \""display_name\"": \""Oscar Mayer Deli Fresh Oven Roasted Turkey Breast Lunch Meat (9 oz)\"", \""scanned_barcode\"": null}, {\""merchant_supplied_id\"": \""221202\"", \""display_name\"": \""Torani Caramel Sauce (16.5 oz)\"", \""scanned_barcode\"": null}, {\""merchant_supplied_id\"": \""3881764\"", \""display_name\"": \""Too Good & Co. Remix Banana, Dark Chocolate, & Honey Crisp Topping Yogurt (4.5 oz)\"", \""scanned_barcode\"": null}, {\""merchant_supplied_id\"": \""2619988\"", \""display_name\"": \""Hy-Vee Halves & Pieces Salted Cashews (8 oz)\"", \""scanned_barcode\"": null}, {\""merchant_supplied_id\"": \""2153634\"", \""display_name\"": \""Simply Done Paper Baking Cup Liners (90 ct)\"", \""scanned_barcode\"": null}, {\""merchant_supplied_id\"": \""3017979\"", \""display_name\"": \""Pop-Tarts Frosted Strawberry Toaster Pastries (8 ct)\"", \""scanned_barcode\"": null}, {\""merchant_supplied_id\"": \""37183\"", \""display_name\"": \""White Seedless Grapes (bunch)\"", \""scanned_barcode\"": null}, {\""merchant_supplied_id\"": \""3881763\"", \""display_name\"": \""Too Good & Co. Remix Strawberry Dark Chocolate & Almond Topping Yogurt (4.5 oz)\"", \""scanned_barcode\"": null}, {\""merchant_supplied_id\"": \""8235\"", \""display_name\"": \""Keebler Cheese & Peanut Butter Sandwich Crackers (8 ct)\"", \""scanned_barcode\"": null}, {\""merchant_supplied_id\"": \""3409134\"", \""display_name\"": \""Doritos Flamin Hot Cool Ranch Tortilla Chips (9.25 oz)\"", \""scanned_barcode\"": null}, {\""merchant_supplied_id\"": \""37187\"", \""display_name\"": \""Whole Seedless Watermelon\"", \""scanned_barcode\"": null}, {\""merchant_supplied_id\"": \""3866823\"", \""display_name\"": \""Simply Done Mini Bowls 0.5 Cup Containers & Lids (2 ct)\"", \""scanned_barcode\"": null}, {\""merchant_supplied_id\"": \""220494\"", \""display_name\"": \""Jimmy Dean Sausage Biscuit Snack Size Frozen Sandwiches (10 ct)\"", \""scanned_barcode\"": null}]""
  },
  {
    ""key"": ""url"",
    ""value"": ""\""https://img.cdn4dd.com/cdn-cgi/image/format=auto/https://doordash-static.s3.amazonaws.com/media/photosV2/533c0f5e-94ea-4e52-bbd3-5d29762e33cc-retina-large.jpeg\""""
  },
  {
    ""key"": ""sanity_checks"",
    ""value"": ""{\""swipe_match\"": true, \""subtotal_match\"": true, \""tax_match\"": true, \""items_length_match\"": true, \""ok_ocr_name_deduping\"": true, \""item_price_reasonableness\"": true, \""weights_look_ok\"": true, \""bag_fee_max_price\"": true, \""bottle_fee_max_price\"": true, \""bag_fee_max_count\"": true, \""bottle_fee_max_count\"": true, \""tax_vs_subtotal_sanity_check\"": true, \""has_no_unknown_items\"": true, \""has_no_missing_items\"": true, \""delivery_discounts_are_nonzero\"": true}""
  },
  {
    ""key"": ""bottle_fee_info"",
    ""value"": ""{\""quantity\"": {\""value\"": 0}, \""price_per_unit\"": {\""unit_amount\"": 0, \""currency\"": \""USD\"", \""display_string\"": \""None0.00\"", \""decimal_places\"": 2, \""sign\"": null, \""symbol\"": null}, \""item_price\"": {\""unit_amount\"": 0, \""currency\"": \""USD\"", \""display_string\"": \""None0.00\"", \""decimal_places\"": 2, \""sign\"": null, \""symbol\"": null}, \""confidence_score\"": 1.0}""
  },
  {
    ""key"": ""delivery_uuid"",
    ""value"": ""\""02f5d210-8e68-3001-a57f-ee8942a2ad61\""""
  },
  {
    ""key"": ""missing_item_info"",
    ""value"": ""[]""
  },
  {
    ""key"": ""tax_amount"",
    ""value"": ""{\""money\"": {\""unit_amount\"": 0, \""currency\"": \""USD\"", \""display_string\"": \""None0.00\"", \""decimal_places\"": 2, \""sign\"": null, \""symbol\"": null}, \""confidence_score\"": 1.0}""
  },
  {
    ""key"": ""confidence_score"",
    ""value"": ""1.0""
  },
  {
    ""key"": ""raw_blink_receipt"",
    ""value"": ""{\""banner_id\"": 56, \""barcode\"": \""0011422080924003000049\"", \""cardTypeFromAID\"": true, \""channel\"": {\""confidence\"": 100, \""value\"": \""Food\""}, \""date\"": {\""confidence\"": 99.9912109375, \""value\"": \""09/08/2024\""}, \""isDigital\"": false, \""isFraudulent\"": false, \""is_blurry\"": false, \""is_instacart_shopper\"": false, \""is_receipt\"": true, \""is_screen\"": false, \""item_confidence\"": 99, \""last4cc\"": {\""confidence\"": 99.97764587402344, \""value\"": \""3403\""}, \""merchant_confidence\"": 100, \""merchant_name\"": \""Hy-Vee\"", \""ocr_confidence\"": 99.2138671875, \""paymentMethods\"": [{\""amount\"": {\""confidence\"": 0, \""value\"": 98.94}, \""cardType\"": {\""confidence\"": 100, \""value\"": \""Mastercard\""}, \""method\"": {\""confidence\"": 99.97215270996094, \""value\"": \""Credit\""}}], \""phones\"": [{\""confidence\"": 99.9864730834961, \""value\"": \""913-831-4447\""}], \""products\"": [{\""line\"": 1006, \""price\"": {\""confidence\"": 99.5567398071289, \""value\"": 8.99}, \""price_postfix\"": \""tF\"", \""qty\"": {\""confidence\"": 0, \""value\"": 1}, \""rpn\"": {\""confidence\"": 99.95852661132812, \""value\"": \""4900003012\""}, \""rsd\"": {\""confidence\"": 99.95852661132812, \""original_case_value\"": \""BARQS ROOTBEER 12\"", \""value\"": \""BARQS ROOTBEER 12\""}, \""totalPrice\"": {\""confidence\"": 0, \""value\"": 8.99}}, {\""line\"": 1007, \""price\"": {\""confidence\"": 99.717529296875, \""value\"": 6.78}, \""price_postfix\"": \""tF\"", \""qty\"": {\""confidence\"": 0, \""value\"": 1}, \""rpn\"": {\""confidence\"": 99.96595001220703, \""value\"": \""3010021597\""}, \""rsd\"": {\""confidence\"": 99.96595001220703, \""original_case_value\"": \""KBLR SCOOBY CINN\"", \""value\"": \""KBLR SCOOBY CINN\""}, \""totalPrice\"": {\""confidence\"": 0, \""value\"": 6.78}}, {\""line\"": 1008, \""price\"": {\""confidence\"": 99.54053497314453, \""value\"": 3.78}, \""price_postfix\"": \""tF\"", \""qty\"": {\""confidence\"": 0, \""value\"": 1}, \""rpn\"": {\""confidence\"": 99.97320556640625, \""value\"": \""2410078909\""}, \""rsd\"": {\""confidence\"": 99.97320556640625, \""original_case_value\"": \""CHEEZ-IT HOT & SP\"", \""value\"": \""CHEEZ-IT HOT & SP\""}, \""totalPrice\"": {\""confidence\"": 0, \""value\"": 3.78}}, {\""line\"": 1009, \""price\"": {\""confidence\"": 99.79025268554688, \""value\"": 8.59}, \""price_postfix\"": \""tF\"", \""qty\"": {\""confidence\"": 0, \""value\"": 1}, \""rpn\"": {\""confidence\"": 99.97177124023438, \""value\"": \""7790031101\""}, \""rsd\"": {\""confidence\"": 99.97177124023438, \""original_case_value\"": \""JD MINI SAUSAGE B\"", \""value\"": \""JD MINI SAUSAGE B\""}, \""totalPrice\"": {\""confidence\"": 0, \""value\"": 8.59}}, {\""infoLines\"": [{\""line\"": 1011, \""text\"": {\""confidence\"": 100, \""value\"": \""2 @ 3.42\""}, \""type\"": {\""confidence\"": 100, \""value\"": \""Quantity\""}}], \""line\"": 1010, \""price\"": {\""confidence\"": 99.9262466430664, \""value\"": 3.42}, \""price_postfix\"": \""tF\"", \""qty\"": {\""confidence\"": 0, \""value\"": 2}, \""rpn\"": {\""confidence\"": 99.9262466430664, \""value\"": \""1600018794\""}, \""rsd\"": {\""confidence\"": 99.9262466430664, \""original_case_value\"": \""NV CRNCHY DIP CHO\"", \""value\"": \""NV CRNCHY DIP CHO\""}, \""totalPrice\"": {\""confidence\"": 0, \""value\"": 6.84}}, {\""line\"": 1012, \""price\"": {\""confidence\"": 99.5275650024414, \""value\"": 4.59}, \""price_postfix\"": \""tF\"", \""qty\"": {\""confidence\"": 0, \""value\"": 1}, \""rpn\"": {\""confidence\"": 99.97732543945312, \""value\"": \""3010047324\""}, \""rsd\"": {\""confidence\"": 99.97732543945312, \""original_case_value\"": \""KBLR CHS & PB CRC\"", \""value\"": \""KBLR CHS & PB CRC\""}, \""totalPrice\"": {\""confidence\"": 0, \""value\"": 4.59}}, {\""line\"": 1013, \""price\"": {\""confidence\"": 99.59081268310547, \""value\"": 1.98}, \""price_postfix\"": \""tF\"", \""qty\"": {\""confidence\"": 0, \""value\"": 1}, \""rpn\"": {\""confidence\"": 99.95055389404297, \""value\"": \""2840068876\""}, \""rsd\"": {\""confidence\"": 99.95055389404297, \""original_case_value\"": \""DORITOS FH COOL R\"", \""value\"": \""DORITOS FH COOL R\""}, \""totalPrice\"": {\""confidence\"": 0, \""value\"": 1.98}}, {\""line\"": 1014, \""price\"": {\""confidence\"": 99.6310043334961, \""value\"": 2.99}, \""price_postfix\"": \""tF\"", \""qty\"": {\""confidence\"": 0, \""value\"": 1}, \""rpn\"": {\""confidence\"": 99.97643280029297, \""value\"": \""3800022271\""}, \""rsd\"": {\""confidence\"": 99.97643280029297, \""original_case_value\"": \""PTARTS FRSTD STR\"", \""value\"": \""PTARTS FRSTD STR\""}, \""rsd_postfix\"": \""W\"", \""totalPrice\"": {\""confidence\"": 0, \""value\"": 2.99}}, {\""infoLines\"": [{\""line\"": 1016, \""text\"": {\""confidence\"": 100, \""value\"": \""1 @ 10 / 10.00\""}, \""type\"": {\""confidence\"": 100, \""value\"": \""Quantity\""}}], \""line\"": 1015, \""price\"": {\""confidence\"": 98.82282257080078, \""value\"": 1}, \""price_postfix\"": \""tF\"", \""qty\"": {\""confidence\"": 0, \""value\"": 1}, \""rpn\"": {\""confidence\"": 98.82282257080078, \""value\"": \""3663204040\""}, \""rsd\"": {\""confidence\"": 98.82282257080078, \""original_case_value\"": \""TOO GOOD REMIX ST\"", \""value\"": \""TOO GOOD REMIX ST\""}, \""totalPrice\"": {\""confidence\"": 0, \""value\"": 1}}, {\""infoLines\"": [{\""line\"": 1018, \""text\"": {\""confidence\"": 100, \""value\"": \""1 @ 10 / 10.00\""}, \""type\"": {\""confidence\"": 100, \""value\"": \""Quantity\""}}], \""line\"": 1017, \""price\"": {\""confidence\"": 99.0864486694336, \""value\"": 1}, \""price_postfix\"": \""tF\"", \""qty\"": {\""confidence\"": 0, \""value\"": 1}, \""rpn\"": {\""confidence\"": 99.0864486694336, \""value\"": \""3663204041\""}, \""rsd\"": {\""confidence\"": 99.0864486694336, \""original_case_value\"": \""TOO GOOD REMIX BA\"", \""value\"": \""TOO GOOD REMIX BA\""}, \""totalPrice\"": {\""confidence\"": 0, \""value\"": 1}}, {\""infoLines\"": [{\""line\"": 1020, \""text\"": {\""confidence\"": 100, \""value\"": \""1 @ 10 / 10.00\""}, \""type\"": {\""confidence\"": 100, \""value\"": \""Quantity\""}}], \""line\"": 1019, \""price\"": {\""confidence\"": 98.22209930419922, \""value\"": 1}, \""price_postfix\"": \""tF\"", \""qty\"": {\""confidence\"": 0, \""value\"": 1}, \""rpn\"": {\""confidence\"": 98.22209930419922, \""value\"": \""3663204041\""}, \""rsd\"": {\""confidence\"": 98.22209930419922, \""original_case_value\"": \""TOO GOOD REMIX BA\"", \""value\"": \""TOO GOOD REMIX BA\""}, \""totalPrice\"": {\""confidence\"": 0, \""value\"": 1}}, {\""line\"": 1021, \""price\"": {\""confidence\"": 99.7578353881836, \""value\"": 5.99}, \""price_postfix\"": \""tF\"", \""qty\"": {\""confidence\"": 0, \""value\"": 1}, \""rpn\"": {\""confidence\"": 99.98119354248047, \""value\"": \""1037412880\""}, \""rsd\"": {\""confidence\"": 99.98119354248047, \""original_case_value\"": \""FT CHSCAKE NY STY\"", \""value\"": \""FT CHSCAKE NY STY\""}, \""totalPrice\"": {\""confidence\"": 0, \""value\"": 5.99}}, {\""infoLines\"": [{\""line\"": 1023, \""text\"": {\""confidence\"": 100, \""value\"": \""1 @ 10 / 10.00\""}, \""type\"": {\""confidence\"": 100, \""value\"": \""Quantity\""}}], \""line\"": 1022, \""price\"": {\""confidence\"": 98.50159454345703, \""value\"": 1}, \""price_postfix\"": \""tF\"", \""qty\"": {\""confidence\"": 0, \""value\"": 1}, \""rpn\"": {\""confidence\"": 98.50159454345703, \""value\"": \""3663204040\""}, \""rsd\"": {\""confidence\"": 98.50159454345703, \""original_case_value\"": \""TOO GOOD REMIX ST\"", \""value\"": \""TOO GOOD REMIX ST\""}, \""totalPrice\"": {\""confidence\"": 0, \""value\"": 1}}, {\""infoLines\"": [{\""line\"": 1025, \""text\"": {\""confidence\"": 100, \""value\"": \""1 @ 10 / 10.00\""}, \""type\"": {\""confidence\"": 100, \""value\"": \""Quantity\""}}], \""line\"": 1024, \""price\"": {\""confidence\"": 99.63529205322266, \""value\"": 1}, \""price_postfix\"": \""tF\"", \""qty\"": {\""confidence\"": 0, \""value\"": 1}, \""rpn\"": {\""confidence\"": 99.63529205322266, \""value\"": \""3663204041\""}, \""rsd\"": {\""confidence\"": 99.63529205322266, \""original_case_value\"": \""TOO GOOD REMIX BA\"", \""value\"": \""TOO GOOD REMIX BA\""}, \""totalPrice\"": {\""confidence\"": 0, \""value\"": 1}}, {\""infoLines\"": [{\""line\"": 1027, \""text\"": {\""confidence\"": 100, \""value\"": \""1 @ 10 / 10.00\""}, \""type\"": {\""confidence\"": 100, \""value\"": \""Quantity\""}}], \""line\"": 1026, \""price\"": {\""confidence\"": 99.8849868774414, \""value\"": 1}, \""price_postfix\"": \""tF\"", \""qty\"": {\""confidence\"": 0, \""value\"": 1}, \""rpn\"": {\""confidence\"": 99.8849868774414, \""value\"": \""3663204041\""}, \""rsd\"": {\""confidence\"": 99.8849868774414, \""original_case_value\"": \""TOO GOOD REMIX BA\"", \""value\"": \""TOO GOOD REMIX BA\""}, \""totalPrice\"": {\""confidence\"": 0, \""value\"": 1}}, {\""line\"": 1028, \""price\"": {\""confidence\"": 99.92788696289062, \""value\"": 5.99}, \""price_postfix\"": \""tF\"", \""qty\"": {\""confidence\"": 0, \""value\"": 1}, \""rpn\"": {\""confidence\"": 99.98568725585938, \""value\"": \""4032\""}, \""rsd\"": {\""confidence\"": 99.97740173339844, \""original_case_value\"": \""WHL SDLS WATERMEL\"", \""value\"": \""WHL SDLS WATERMEL\""}, \""totalPrice\"": {\""confidence\"": 0, \""value\"": 5.99}}, {\""line\"": 1029, \""price\"": {\""confidence\"": 99.93461608886719, \""value\"": 1.59}, \""price_postfix\"": \""T\"", \""qty\"": {\""confidence\"": 0, \""value\"": 1}, \""rpn\"": {\""confidence\"": 99.97920989990234, \""value\"": \""1122513404\""}, \""rsd\"": {\""confidence\"": 99.97920989990234, \""original_case_value\"": \""SIMPLY BAKING CUP\"", \""value\"": \""SIMPLY BAKING CUP\""}, \""totalPrice\"": {\""confidence\"": 0, \""value\"": 1.59}}, {\""infoLines\"": [{\""line\"": 1031, \""text\"": {\""confidence\"": 100, \""value\"": \""3.200 LB @ 1.99 USD/LB\""}, \""type\"": {\""confidence\"": 100, \""value\"": \""Weight\""}}], \""line\"": 1030, \""price\"": {\""confidence\"": 0, \""value\"": 1.99}, \""price_postfix\"": \""tF\"", \""qty\"": {\""confidence\"": 0, \""value\"": 3.2}, \""rpn\"": {\""confidence\"": 100, \""value\"": \""3680001171\""}, \""rsd\"": {\""confidence\"": 99.9778060913086, \""original_case_value\"": \""B B RED SDLSS GRA\"", \""value\"": \""B B RED SDLSS GRA\""}, \""totalPrice\"": {\""confidence\"": 0, \""value\"": 6.37}, \""uom\"": {\""confidence\"": 0, \""value\"": \""LB\""}}, {\""infoLines\"": [{\""line\"": 1033, \""text\"": {\""confidence\"": 100, \""value\"": \""3.270 LB @ 1.99 USD/LB\""}, \""type\"": {\""confidence\"": 100, \""value\"": \""Weight\""}}], \""line\"": 1032, \""price\"": {\""confidence\"": 0, \""value\"": 1.99}, \""price_postfix\"": \""tF\"", \""qty\"": {\""confidence\"": 0, \""value\"": 3.27}, \""rpn\"": {\""confidence\"": 100, \""value\"": \""3680001170\""}, \""rsd\"": {\""confidence\"": 99.97712707519531, \""original_case_value\"": \""B B GRN SDLS GRAP\"", \""value\"": \""B B GRN SDLS GRAP\""}, \""totalPrice\"": {\""confidence\"": 0, \""value\"": 6.51}, \""uom\"": {\""confidence\"": 0, \""value\"": \""LB\""}}, {\""line\"": 1034, \""price\"": {\""confidence\"": 99.98538970947266, \""value\"": 7.99}, \""price_postfix\"": \""tF\"", \""qty\"": {\""confidence\"": 0, \""value\"": 1}, \""rpn\"": {\""confidence\"": 99.98611450195312, \""value\"": \""8903678200\""}, \""rsd\"": {\""confidence\"": 99.98611450195312, \""original_case_value\"": \""TORANI CARAMEL SA\"", \""value\"": \""TORANI CARAMEL SA\""}, \""totalPrice\"": {\""confidence\"": 0, \""value\"": 7.99}}, {\""line\"": 1035, \""price\"": {\""confidence\"": 99.98027801513672, \""value\"": 1.99}, \""price_postfix\"": \""tF\"", \""qty\"": {\""confidence\"": 0, \""value\"": 1}, \""rpn\"": {\""confidence\"": 99.9833984375, \""value\"": \""7545009854\""}, \""rsd\"": {\""confidence\"": 99.9833984375, \""original_case_value\"": \""HYV SPLIT TOP WHI\"", \""value\"": \""HYV SPLIT TOP WHI\""}, \""totalPrice\"": {\""confidence\"": 0, \""value\"": 1.99}}, {\""line\"": 1036, \""price\"": {\""confidence\"": 99.97332000732422, \""value\"": 4.99}, \""price_postfix\"": \""tF\"", \""qty\"": {\""confidence\"": 0, \""value\"": 1}, \""rpn\"": {\""confidence\"": 99.984619140625, \""value\"": \""4470003050\""}, \""rsd\"": {\""confidence\"": 99.984619140625, \""original_case_value\"": \""OM DF OVN RST TUR\"", \""value\"": \""OM DF OVN RST TUR\""}, \""totalPrice\"": {\""confidence\"": 0, \""value\"": 4.99}}, {\""line\"": 1037, \""price\"": {\""confidence\"": 99.98104095458984, \""value\"": 3.99}, \""price_postfix\"": \""tF\"", \""qty\"": {\""confidence\"": 0, \""value\"": 1}, \""rpn\"": {\""confidence\"": 99.97931671142578, \""value\"": \""7545009199\""}, \""rsd\"": {\""confidence\"": 99.97931671142578, \""original_case_value\"": \""HYV SLTD HLVS&PCS\"", \""value\"": \""HYV SLTD HLVS&PCS\""}, \""totalPrice\"": {\""confidence\"": 0, \""value\"": 3.99}}, {\""line\"": 1038, \""price\"": {\""confidence\"": 99.9874038696289, \""value\"": 2.99}, \""price_postfix\"": \""T\"", \""qty\"": {\""confidence\"": 0, \""value\"": 1}, \""rpn\"": {\""confidence\"": 99.98687744140625, \""value\"": \""1122500935\""}, \""rsd\"": {\""confidence\"": 99.98687744140625, \""original_case_value\"": \""SIMPLY MINI BOWLS\"", \""value\"": \""SIMPLY MINI BOWLS\""}, \""totalPrice\"": {\""confidence\"": 0, \""value\"": 2.99}}], \""purchase_type\"": \""In-Store\"", \""raw_basket\"": \""BARQS ROOTBEER 12 4900003012 8.99 tF\\nKBLR SCOOBY CINN 3010021597 6.78 tF\\nCHEEZ-IT HOT & SP 2410078909 3.78 tF\\nJD MINI SAUSAGE B 7790031101 8.59 tF\\nNV CRNCHY DIP CHO 1600018794 6.84 tF\\n2 @ 3.42\\nKBLR CHS & PB CRC 3010047324 4.59 tF\\nDORITOS FH COOL R 2840068876 1.98 tF\\nPTARTS FRSTD STR 3800022271 2.99 tF\\nTOO GOOD REMIX ST 3663204040 1.00 tF\\n1 @ 10 / 10.00\\nTOO GOOD REMIX BA 3663204041 1.00 tF\\n1 @ 10 / 10.00\\nTOO GOOD REMIX BA 3663204041 1.00 tF\\n1 @ 10 / 10.00\\nFT CHSCAKE NY STY 1037412880 5.99 tF\\nTOO GOOD REMIX ST 3663204040 1.00 tF\\n1 @ 10 / 10.00\\nTOO GOOD REMIX BA 3663204041 1.00 tF\\n1 @ 10 / 10.00\\nTOO GOOD REMIX BA 3663204041 1.00 tF\\n1 @ 10 / 10.00\\nWHL SDLS WATERMEL 4032 5.99 tF\\nSIMPLY BAKING CUP 1122513404 1.59 T\\nB B RED SDLSS GRA 3680001171 6.37 tF\\n3.200 LB @ 1.99 USD/LB\\nB B GRN SDLS GRAP 3680001170 6.51 tF\\n3.270 LB @ 1.99 USD/LB\\nTORANI CARAMEL SA 8903678200 7.99 tF\\nHYV SPLIT TOP WHI 7545009854 1.99 tF\\nOM DF OVN RST TUR 4470003050 4.99 tF\\nHYV SLTD HLVS&PCS 7545009199 3.99 tF\\nSIMPLY MINI BOWLS 1122500935 2.99 T\\n\"", \""raw_text_array\"": [\""OY\\n6655 Martway St\\nMission, KS 66202\\n913-831-4447\\n1422StoreManagementMail Group@Hy-Vee.com\\n\\nBARQS ROOTBEER 12 4900003012 8.99 tF\\nKBLR SCOOBY CINN 3010021597 6.78 tF\\nCHEEZ-IT HOT & SP 2410078909 3.78 tF\\nJD MINI SAUSAGE B 7790031101 8.59 tF\\nNV CRNCHY DIP CHO 1600018794 6.84 tF\\n2 @ 3.42\\nKBLR CHS & PB CRC 3010047324 4.59 tF\\nDORITOS FH COOL R 2840068876 1.98 tF\\nPTARTS FRSTD STRW 3800022271 2.99 tF\\nTOO GOOD REMIX ST 3663204040 1.00 tF\\n1 @ 10 / 10.00\\nTOO GOOD REMIX BA 3663204041 1.00 tF\\n1 @ 10 / 10.00\\nTOO GOOD REMIX BA 3663204041 1.00 tF\\n1 @ 10 / 10.00\\nFT CHSCAKE NY STY 1037412880 5.99 tF\\nTOO GOOD REMIX ST 3663204040 1.00 tF\\n1 @ 10 / 10.00\\nTOO GOOD REMIX BA 3663204041 1.00 tF\\n1 @ 10 / 10.00\\nTOO GOOD REMIX BA 3663204041 1.00 tF\\n1 @ 10 / 10.00\\nWHL SDLS WATERMEL 4032 5.99 tF\\nSIMPLY BAKING CUP 1122513404 1.59 T\\nB B RED SDLSS GRA 3680001171 6.37 tF\\n3.200 LB @ 1.99 USD/LB\\nB B GRN SDLS GRAP 3680001170 6.51 tF\\n3.270 LB @ 1.99 USD/LB\\nTORANI CARAMEL SA 8903678200 7.99 tF\\nHYV SPLIT TOP WHI 7545009854 1.99 tF\\nOM DF OVN RST TUR 4470003050 4.99 tF\\nHYV SLTD HLVS&PCS 7545009199 3.99 tF\\nSIMPLY MINI BOWLS 1122500935 2.99 T\\n-----------\\nSUBTOTAL [25] 98.94\\n-----------\\nTOTAL 98.94\\nMastercard 98.94\\n--------------------------------------\\nPURCHASE $98.94\\n************3403 MC CHIP CONTACTLESS\\nREF#: 618157 58965010252 Transaction\\nApproved\\n\\nMASTERCARD (as Credit)\\n\\nARQC - 6328A6A0984F4247\\n\\nMode: Issuer\\nAID: A0000000041010\\nTVR: 0020008001\\nIAD:\\n0314A54100020000000400A1466C058D00FF\\nTSI: E800 ARC: 00\\n--------------------------------------\\nTAX EXEMPT ID: 0000009916\\nTAX EXEMPT TYPE: SHIPT\\n\\n0011422080924003000049\\n\\n\\n\\n\\n\\nCashier Name: Diego\\n\\n\\nDate Time Store POS Emp TRX\\n09/08/24 12:25 PM 1422 3 15858 0049\\n\\n\\n8\\nt your triP for a chance to\\nTelU1 U SbAoufs0C Hy-vEE GIFT CARD7\\n\""], \""raw_trip_footer\"": \""-----------\\nSUBTOTAL [25] 98.94\\n-----------\\nTOTAL 98.94\\nMastercard 98.94\\n--------------------------------------\\nPURCHASE $98.94\\n************3403 MC CHIP CONTACTLESS\\nREF#: 618157 58965010252 Transaction\\nApproved\\nMASTERCARD (as Credit)\\nARQC - 6328A6A0984F4247\\nMode: Issuer\\nAID: A0000000041010\\nTVR: 0020008001\\nIAD:\\n0314A54100020000000400A1466C058D00FF\\nTSI: E800 ARC: 00\\n--------------------------------------\\nTAX EXEMPT ID: 0000009916\\nTAX EXEMPT TYPE: SHIPT\\n0011422080924003000049\\nCashier Name: Diego\\nDate Time Store POS Emp TRX\\n09/08/24 12:25 PM 1422 3 15858 0049\\n8\\nt your triP for a chance to\\nTelU1 U SbAoufs0C Hy-vEE GIFT CARD7\\n\"", \""raw_trip_header\"": \""OY\\n6655 Martway St\\nMission, KS 66202\\n913-831-4447\\n1422StoreManagementMail Group@Hy-Vee.com\\n\"", \""register\"": {\""confidence\"": 99.99329376220703, \""value\"": \""15858\""}, \""store\"": {\""confidence\"": 99.99329376220703, \""value\"": \""3\""}, \""store_city\"": {\""confidence\"": 100, \""value\"": \""Mission\""}, \""store_state\"": {\""confidence\"": 100, \""value\"": \""KS\""}, \""store_street\"": {\""confidence\"": 100, \""value\"": \""6655 Martway Street\""}, \""store_zip\"": {\""confidence\"": 100, \""value\"": \""66202\""}, \""subtotal\"": {\""confidence\"": 99.99297332763672, \""value\"": 98.94}, \""time\"": {\""confidence\"": 99.9912109375, \""value\"": \""12:25\""}, \""total\"": {\""confidence\"": 100, \""value\"": 98.94}, \""transaction\"": {\""confidence\"": 99.99329376220703, \""value\"": \""0049\""}, \""trip_confidence\"": 100, \""blink_receipt_id\"": \""e3279a66-539d-4db8-a963-b89a64b9d725\"", \""cashback\"": 0, \""image_urls\"": [\""https://img.cdn4dd.com/cdn-cgi/image/format=auto/https://doordash-static.s3.amazonaws.com/media/photosV2/533c0f5e-94ea-4e52-bbd3-5d29762e33cc-retina-large.jpeg\""], \""country_code\"": \""US\"", \""api_version\"": 14}""
  }
]"
"[
  {
    ""key"": ""unmatched_item_info"",
    ""value"": ""[]""
  },
  {
    ""key"": ""embedding_matching_df"",
    ""value"": ""{\""KATOK SANUKI UDON\"": {\""Iceberg Lettuce\"": 0.2079275420070802, \""Green Onion\"": 0.32303407714004334, \""Onion Bag (3 lb)\"": 0.21631249498662683, \""Choripdong Fried Tofu Fish Cake (8.46 oz)\"": 0.3435750057028805, \""Shanghai Bok Choy (each)\"": 0.2533065378785809, \""Chinese Eggplant (each)\"": 0.22638117155832774, \""Shirakiku Sanukiya Udon Frozen (44 oz)\"": 0.5763022530879899, \""Bag Fee\"": 0.0, \""Bottle Deposit aka CRV\"": 0.0, \""Unknown Item\"": 0.20197630012983755}, \""RED ONION\"": {\""Iceberg Lettuce\"": 0.3949346106666915, \""Green Onion\"": 0.6378310772179612, \""Onion Bag (3 lb)\"": 0.48362142792764556, \""Choripdong Fried Tofu Fish Cake (8.46 oz)\"": 0.23678722037593947, \""Shanghai Bok Choy (each)\"": 0.319204656405617, \""Chinese Eggplant (each)\"": 0.3285845836147507, \""Shirakiku Sanukiya Udon Frozen (44 oz)\"": 0.2635273194230697, \""Bag Fee\"": 0.0, \""Bottle Deposit aka CRV\"": 0.0, \""Unknown Item\"": 0.21130762598656985}, \""GREEN ONION\"": {\""Iceberg Lettuce\"": 0.41674198589777267, \""Green Onion\"": 0.8248124127923533, \""Onion Bag (3 lb)\"": 0.4504537901149731, \""Choripdong Fried Tofu Fish Cake (8.46 oz)\"": 0.2942983134950824, \""Shanghai Bok Choy (each)\"": 0.36815033782076173, \""Chinese Eggplant (each)\"": 0.3637453881767729, \""Shirakiku Sanukiya Udon Frozen (44 oz)\"": 0.2762317369381461, \""Bag Fee\"": 0.21653848590162825, \""Bottle Deposit aka CRV\"": 0.11423521883290265, \""Unknown Item\"": 0.16032160029768103}, \""SHANGHI BOK CHOY\"": {\""Iceberg Lettuce\"": 0.40918165033187215, \""Green Onion\"": 0.42467446201440046, \""Onion Bag (3 lb)\"": 0.2813215775394993, \""Choripdong Fried Tofu Fish Cake (8.46 oz)\"": 0.3144858020154711, \""Shanghai Bok Choy (each)\"": 0.7468501382664066, \""Chinese Eggplant (each)\"": 0.4023864987693715, \""Shirakiku Sanukiya Udon Frozen (44 oz)\"": 0.3197573144118033, \""Bag Fee\"": 0.0, \""Bottle Deposit aka CRV\"": 0.0, \""Unknown Item\"": 0.16816951421133935}, \""CRD FRD TOFU FSCK\"": {\""Iceberg Lettuce\"": 0.17835144259154737, \""Green Onion\"": 0.2172093920579072, \""Onion Bag (3 lb)\"": 0.1743867449225665, \""Choripdong Fried Tofu Fish Cake (8.46 oz)\"": 0.34337200632207765, \""Shanghai Bok Choy (each)\"": 0.19881028407861578, \""Chinese Eggplant (each)\"": 0.17103628411139205, \""Shirakiku Sanukiya Udon Frozen (44 oz)\"": 0.18324624507882206, \""Bag Fee\"": 0.0, \""Bottle Deposit aka CRV\"": 0.0, \""Unknown Item\"": 0.2520505817428483}, \""CHINESE EGGPLANT\"": {\""Iceberg Lettuce\"": 0.29303321194779375, \""Green Onion\"": 0.39215931918898445, \""Onion Bag (3 lb)\"": 0.2768636783116001, \""Choripdong Fried Tofu Fish Cake (8.46 oz)\"": 0.34912689372260974, \""Shanghai Bok Choy (each)\"": 0.4527462943089434, \""Chinese Eggplant (each)\"": 0.6698755934541448, \""Shirakiku Sanukiya Udon Frozen (44 oz)\"": 0.27386449063828067, \""Bag Fee\"": 0.0, \""Bottle Deposit aka CRV\"": 0.0, \""Unknown Item\"": 0.19391931827394412}, \""ICEBERG LETTUCE\"": {\""Iceberg Lettuce\"": 0.8908546633223412, \""Green Onion\"": 0.41047032316322807, \""Onion Bag (3 lb)\"": 0.3090230686337588, \""Choripdong Fried Tofu Fish Cake (8.46 oz)\"": 0.20078290184716485, \""Shanghai Bok Choy (each)\"": 0.38721444190660015, \""Chinese Eggplant (each)\"": 0.31912729850649607, \""Shirakiku Sanukiya Udon Frozen (44 oz)\"": 0.2770929934718048, \""Bag Fee\"": 0.0, \""Bottle Deposit aka CRV\"": 0.0, \""Unknown Item\"": 0.2370985665628394}, \""REUSABLE BAG\"": {\""Iceberg Lettuce\"": 0.2294643656857481, \""Green Onion\"": 0.19993782394873005, \""Onion Bag (3 lb)\"": 0.3818908687429636, \""Choripdong Fried Tofu Fish Cake (8.46 oz)\"": 0.19544715048229297, \""Shanghai Bok Choy (each)\"": 0.22472494884114755, \""Chinese Eggplant (each)\"": 0.2081361484436876, \""Shirakiku Sanukiya Udon Frozen (44 oz)\"": 0.22395286412995627, \""Bag Fee\"": 0.6147736647360169, \""Bottle Deposit aka CRV\"": 0.3658217380026821, \""Unknown Item\"": 0.1723904608174137}, \""Unknown Item\"": {\""Iceberg Lettuce\"": 0.25885266693148107, \""Green Onion\"": 0.28559578387438467, \""Onion Bag (3 lb)\"": 0.22225578357732342, \""Choripdong Fried Tofu Fish Cake (8.46 oz)\"": 0.1739657736119425, \""Shanghai Bok Choy (each)\"": 0.18573084409095725, \""Chinese Eggplant (each)\"": 0.2256765624418694, \""Shirakiku Sanukiya Udon Frozen (44 oz)\"": 0.21063782162628433, \""Bag Fee\"": 0.30045181350725836, \""Bottle Deposit aka CRV\"": 0.21779990495262982, \""Unknown Item\"": 0.9990009990989842}}""
  },
  {
    ""key"": ""total_amount"",
    ""value"": ""{\""money\"": {\""unit_amount\"": 3477, \""currency\"": \""USD\"", \""display_string\"": \""None34.77\"", \""decimal_places\"": 2, \""sign\"": null, \""symbol\"": null}, \""confidence_score\"": 1.0}""
  },
  {
    ""key"": ""discount_amount"",
    ""value"": ""{\""money\"": {\""unit_amount\"": 0, \""currency\"": \""USD\"", \""display_string\"": \""None0.00\"", \""decimal_places\"": 2, \""sign\"": null, \""symbol\"": null}, \""confidence_score\"": 1.0}""
  },
  {
    ""key"": ""business_id"",
    ""value"": ""13016330""
  },
  {
    ""key"": ""subtotal_amount"",
    ""value"": ""{\""money\"": {\""unit_amount\"": 3468, \""currency\"": \""USD\"", \""display_string\"": \""None34.68\"", \""decimal_places\"": 2, \""sign\"": null, \""symbol\"": null}, \""confidence_score\"": 1.0}""
  },
  {
    ""key"": ""tax_confidence_score"",
    ""value"": ""1.0""
  },
  {
    ""key"": ""matched_item_info"",
    ""value"": ""[{\""merchant_supplied_id\"": \""7441045030\"", \""display_name\"": \""Shirakiku Sanukiya Udon Frozen (44 oz)\"", \""ocr_description\"": \""KATOK SANUKI UDON\"", \""quantity\"": {\""value\"": 2.0}, \""price_per_unit\"": {\""unit_amount\"": 799, \""currency\"": \""USD\"", \""display_string\"": \""None7.99\"", \""decimal_places\"": 2, \""sign\"": null, \""symbol\"": null}, \""item_price\"": {\""unit_amount\"": 1598, \""currency\"": \""USD\"", \""display_string\"": \""None15.98\"", \""decimal_places\"": 2, \""sign\"": null, \""symbol\"": null}, \""non_discount_price_per_unit\"": {\""unit_amount\"": 0, \""currency\"": \""USD\"", \""display_string\"": \""None0.00\"", \""decimal_places\"": 2, \""sign\"": null, \""symbol\"": null}, \""non_discount_item_price\"": {\""unit_amount\"": 0, \""currency\"": \""USD\"", \""display_string\"": \""None0.00\"", \""decimal_places\"": 2, \""sign\"": null, \""symbol\"": null}, \""sold_by_weight\"": false, \""confidence_score\"": 1.0}, {\""merchant_supplied_id\"": \""2536\"", \""display_name\"": \""Onion Bag (3 lb)\"", \""ocr_description\"": \""RED ONION\"", \""quantity\"": {\""value\"": 2.0}, \""price_per_unit\"": {\""unit_amount\"": 199, \""currency\"": \""USD\"", \""display_string\"": \""None1.99\"", \""decimal_places\"": 2, \""sign\"": null, \""symbol\"": null}, \""item_price\"": {\""unit_amount\"": 398, \""currency\"": \""USD\"", \""display_string\"": \""None3.98\"", \""decimal_places\"": 2, \""sign\"": null, \""symbol\"": null}, \""non_discount_price_per_unit\"": {\""unit_amount\"": 0, \""currency\"": \""USD\"", \""display_string\"": \""None0.00\"", \""decimal_places\"": 2, \""sign\"": null, \""symbol\"": null}, \""non_discount_item_price\"": {\""unit_amount\"": 0, \""currency\"": \""USD\"", \""display_string\"": \""None0.00\"", \""decimal_places\"": 2, \""sign\"": null, \""symbol\"": null}, \""sold_by_weight\"": true, \""confidence_score\"": 1.0}, {\""merchant_supplied_id\"": \""2498\"", \""display_name\"": \""Green Onion\"", \""ocr_description\"": \""GREEN ONION\"", \""quantity\"": {\""value\"": 1.0}, \""price_per_unit\"": {\""unit_amount\"": 83, \""currency\"": \""USD\"", \""display_string\"": \""None0.83\"", \""decimal_places\"": 2, \""sign\"": null, \""symbol\"": null}, \""item_price\"": {\""unit_amount\"": 83, \""currency\"": \""USD\"", \""display_string\"": \""None0.83\"", \""decimal_places\"": 2, \""sign\"": null, \""symbol\"": null}, \""non_discount_price_per_unit\"": {\""unit_amount\"": 0, \""currency\"": \""USD\"", \""display_string\"": \""None0.00\"", \""decimal_places\"": 2, \""sign\"": null, \""symbol\"": null}, \""non_discount_item_price\"": {\""unit_amount\"": 0, \""currency\"": \""USD\"", \""display_string\"": \""None0.00\"", \""decimal_places\"": 2, \""sign\"": null, \""symbol\"": null}, \""sold_by_weight\"": false, \""confidence_score\"": 1.0}, {\""merchant_supplied_id\"": \""2049\"", \""display_name\"": \""Shanghai Bok Choy (each)\"", \""ocr_description\"": \""SHANGHI BOK CHOY\"", \""quantity\"": {\""value\"": 1.42}, \""price_per_unit\"": {\""unit_amount\"": 299, \""currency\"": \""USD\"", \""display_string\"": \""None2.99\"", \""decimal_places\"": 2, \""sign\"": null, \""symbol\"": null}, \""item_price\"": {\""unit_amount\"": 425, \""currency\"": \""USD\"", \""display_string\"": \""None4.25\"", \""decimal_places\"": 2, \""sign\"": null, \""symbol\"": null}, \""non_discount_price_per_unit\"": {\""unit_amount\"": 0, \""currency\"": \""USD\"", \""display_string\"": \""None0.00\"", \""decimal_places\"": 2, \""sign\"": null, \""symbol\"": null}, \""non_discount_item_price\"": {\""unit_amount\"": 0, \""currency\"": \""USD\"", \""display_string\"": \""None0.00\"", \""decimal_places\"": 2, \""sign\"": null, \""symbol\"": null}, \""sold_by_weight\"": true, \""confidence_score\"": 1.0}, {\""merchant_supplied_id\"": \""76189866966\"", \""display_name\"": \""Choripdong Fried Tofu Fish Cake (8.46 oz)\"", \""ocr_description\"": \""CRD FRD TOFU FSCK\"", \""quantity\"": {\""value\"": 1.0}, \""price_per_unit\"": {\""unit_amount\"": 349, \""currency\"": \""USD\"", \""display_string\"": \""None3.49\"", \""decimal_places\"": 2, \""sign\"": null, \""symbol\"": null}, \""item_price\"": {\""unit_amount\"": 349, \""currency\"": \""USD\"", \""display_string\"": \""None3.49\"", \""decimal_places\"": 2, \""sign\"": null, \""symbol\"": null}, \""non_discount_price_per_unit\"": {\""unit_amount\"": 0, \""currency\"": \""USD\"", \""display_string\"": \""None0.00\"", \""decimal_places\"": 2, \""sign\"": null, \""symbol\"": null}, \""non_discount_item_price\"": {\""unit_amount\"": 0, \""currency\"": \""USD\"", \""display_string\"": \""None0.00\"", \""decimal_places\"": 2, \""sign\"": null, \""symbol\"": null}, \""sold_by_weight\"": false, \""confidence_score\"": 1.0}, {\""merchant_supplied_id\"": \""2105\"", \""display_name\"": \""Chinese Eggplant (each)\"", \""ocr_description\"": \""CHINESE EGGPLANT\"", \""quantity\"": {\""value\"": 0.59}, \""price_per_unit\"": {\""unit_amount\"": 198, \""currency\"": \""USD\"", \""display_string\"": \""None1.98\"", \""decimal_places\"": 2, \""sign\"": null, \""symbol\"": null}, \""item_price\"": {\""unit_amount\"": 117, \""currency\"": \""USD\"", \""display_string\"": \""None1.17\"", \""decimal_places\"": 2, \""sign\"": null, \""symbol\"": null}, \""non_discount_price_per_unit\"": {\""unit_amount\"": 0, \""currency\"": \""USD\"", \""display_string\"": \""None0.00\"", \""decimal_places\"": 2, \""sign\"": null, \""symbol\"": null}, \""non_discount_item_price\"": {\""unit_amount\"": 0, \""currency\"": \""USD\"", \""display_string\"": \""None0.00\"", \""decimal_places\"": 2, \""sign\"": null, \""symbol\"": null}, \""sold_by_weight\"": true, \""confidence_score\"": 1.0}, {\""merchant_supplied_id\"": \""2246\"", \""display_name\"": \""Iceberg Lettuce\"", \""ocr_description\"": \""ICEBERG LETTUCE\"", \""quantity\"": {\""value\"": 1.0}, \""price_per_unit\"": {\""unit_amount\"": 399, \""currency\"": \""USD\"", \""display_string\"": \""None3.99\"", \""decimal_places\"": 2, \""sign\"": null, \""symbol\"": null}, \""item_price\"": {\""unit_amount\"": 399, \""currency\"": \""USD\"", \""display_string\"": \""None3.99\"", \""decimal_places\"": 2, \""sign\"": null, \""symbol\"": null}, \""non_discount_price_per_unit\"": {\""unit_amount\"": 0, \""currency\"": \""USD\"", \""display_string\"": \""None0.00\"", \""decimal_places\"": 2, \""sign\"": null, \""symbol\"": null}, \""non_discount_item_price\"": {\""unit_amount\"": 0, \""currency\"": \""USD\"", \""display_string\"": \""None0.00\"", \""decimal_places\"": 2, \""sign\"": null, \""symbol\"": null}, \""sold_by_weight\"": false, \""confidence_score\"": 1.0}]""
  },
  {
    ""key"": ""bag_fee_info"",
    ""value"": ""{\""quantity\"": {\""value\"": 1.0}, \""price_per_unit\"": {\""unit_amount\"": 99, \""currency\"": \""USD\"", \""display_string\"": \""None0.99\"", \""decimal_places\"": 2, \""sign\"": null, \""symbol\"": null}, \""item_price\"": {\""unit_amount\"": 99, \""currency\"": \""USD\"", \""display_string\"": \""None0.99\"", \""decimal_places\"": 2, \""sign\"": null, \""symbol\"": null}, \""confidence_score\"": 1.0}""
  },
  {
    ""key"": ""blink_items_df"",
    ""value"": ""{\""ocr_description\"": {\""0\"": \""KATOK SANUKI UDON\"", \""1\"": \""RED ONION\"", \""2\"": \""GREEN ONION\"", \""3\"": \""SHANGHI BOK CHOY\"", \""4\"": \""CRD FRD TOFU FSCK\"", \""5\"": \""CHINESE EGGPLANT\"", \""6\"": \""ICEBERG LETTUCE\"", \""7\"": \""REUSABLE BAG\"", \""8\"": \""discount_cents\"", \""9\"": \""subtotal_cents\"", \""10\"": \""total_tax_cents\"", \""11\"": \""total_cents\""}, \""quantity\"": {\""0\"": 2.0, \""1\"": 2.0, \""2\"": 1.0, \""3\"": 1.42, \""4\"": 1.0, \""5\"": 0.59, \""6\"": 1.0, \""7\"": 1.0, \""8\"": NaN, \""9\"": NaN, \""10\"": NaN, \""11\"": NaN}, \""price_per_unit_cents\"": {\""0\"": 799.0, \""1\"": 199.0, \""2\"": 83.0, \""3\"": 299.0, \""4\"": 349.0, \""5\"": 198.0, \""6\"": 399.0, \""7\"": 99.0, \""8\"": NaN, \""9\"": NaN, \""10\"": NaN, \""11\"": NaN}, \""item_price_cents\"": {\""0\"": 1598, \""1\"": 398, \""2\"": 83, \""3\"": 425, \""4\"": 349, \""5\"": 117, \""6\"": 399, \""7\"": 99, \""8\"": 0, \""9\"": 3468, \""10\"": 9, \""11\"": 3477}}""
  },
  {
    ""key"": ""input_swipe_amount"",
    ""value"": ""3477""
  },
  {
    ""key"": ""is_legible"",
    ""value"": ""true""
  },
  {
    ""key"": ""input_item_info"",
    ""value"": ""[{\""merchant_supplied_id\"": \""2246\"", \""display_name\"": \""Iceberg Lettuce\"", \""scanned_barcode\"": null}, {\""merchant_supplied_id\"": \""2498\"", \""display_name\"": \""Green Onion\"", \""scanned_barcode\"": null}, {\""merchant_supplied_id\"": \""2536\"", \""display_name\"": \""Onion Bag (3 lb)\"", \""scanned_barcode\"": null}, {\""merchant_supplied_id\"": \""76189866966\"", \""display_name\"": \""Choripdong Fried Tofu Fish Cake (8.46 oz)\"", \""scanned_barcode\"": {\""code\"": \""761898669662\"", \""format\"": \""UPCA\""}}, {\""merchant_supplied_id\"": \""2049\"", \""display_name\"": \""Shanghai Bok Choy (each)\"", \""scanned_barcode\"": null}, {\""merchant_supplied_id\"": \""2105\"", \""display_name\"": \""Chinese Eggplant (each)\"", \""scanned_barcode\"": null}, {\""merchant_supplied_id\"": \""7441045030\"", \""display_name\"": \""Shirakiku Sanukiya Udon Frozen (44 oz)\"", \""scanned_barcode\"": null}]""
  },
  {
    ""key"": ""url"",
    ""value"": ""\""https://img.cdn4dd.com/cdn-cgi/image/format=auto/https://doordash-static.s3.amazonaws.com/media/photosV2/c7ddc52e-ad5a-48a1-a6ba-8964491116a6-retina-large.jpeg\""""
  },
  {
    ""key"": ""sanity_checks"",
    ""value"": ""{\""swipe_match\"": true, \""subtotal_match\"": true, \""tax_match\"": true, \""items_length_match\"": true, \""ok_ocr_name_deduping\"": true, \""item_price_reasonableness\"": true, \""weights_look_ok\"": true, \""bag_fee_max_price\"": true, \""bottle_fee_max_price\"": true, \""bag_fee_max_count\"": true, \""bottle_fee_max_count\"": true, \""tax_vs_subtotal_sanity_check\"": true, \""has_no_unknown_items\"": true, \""has_no_missing_items\"": true, \""delivery_discounts_are_nonzero\"": true}""
  },
  {
    ""key"": ""bottle_fee_info"",
    ""value"": ""{\""quantity\"": {\""value\"": 0}, \""price_per_unit\"": {\""unit_amount\"": 0, \""currency\"": \""USD\"", \""display_string\"": \""None0.00\"", \""decimal_places\"": 2, \""sign\"": null, \""symbol\"": null}, \""item_price\"": {\""unit_amount\"": 0, \""currency\"": \""USD\"", \""display_string\"": \""None0.00\"", \""decimal_places\"": 2, \""sign\"": null, \""symbol\"": null}, \""confidence_score\"": 1.0}""
  },
  {
    ""key"": ""delivery_uuid"",
    ""value"": ""\""1d999aad-0392-3001-b1d8-4d2b080c73a1\""""
  },
  {
    ""key"": ""missing_item_info"",
    ""value"": ""[]""
  },
  {
    ""key"": ""tax_amount"",
    ""value"": ""{\""money\"": {\""unit_amount\"": 9, \""currency\"": \""USD\"", \""display_string\"": \""None0.09\"", \""decimal_places\"": 2, \""sign\"": null, \""symbol\"": null}, \""confidence_score\"": 1.0}""
  },
  {
    ""key"": ""confidence_score"",
    ""value"": ""1.0""
  },
  {
    ""key"": ""raw_blink_receipt"",
    ""value"": ""{\""banner_id\"": 8657, \""barcode\"": \""000010200502592409072024\"", \""cashier\"": {\""confidence\"": 99.92713165283203, \""value\"": \""5\""}, \""channel\"": {\""confidence\"": 100, \""value\"": \""Food\""}, \""date\"": {\""confidence\"": 99.92713165283203, \""value\"": \""09/07/2024\""}, \""isDigital\"": false, \""isFraudulent\"": false, \""is_blurry\"": false, \""is_instacart_shopper\"": false, \""is_receipt\"": true, \""is_screen\"": false, \""item_confidence\"": 99, \""last4cc\"": {\""confidence\"": 99.96134948730469, \""value\"": \""8088\""}, \""merchant_confidence\"": 100, \""merchant_name\"": \""H Mart\"", \""ocr_confidence\"": 99.38155364990234, \""paymentMethods\"": [{\""amount\"": {\""confidence\"": 0, \""value\"": 34.77}, \""cardType\"": {\""confidence\"": 100, \""value\"": \""Mastercard\""}, \""method\"": {\""confidence\"": 99.96760559082031, \""value\"": \""Credit\""}}], \""products\"": [{\""line\"": 1006, \""price\"": {\""confidence\"": 99.9417724609375, \""value\"": 7.99}, \""price_postfix\"": \""F\"", \""qty\"": {\""confidence\"": 0, \""value\"": 1}, \""rsd\"": {\""confidence\"": 99.93858337402344, \""original_case_value\"": \""KATOK SANUKI UDON\"", \""value\"": \""KATOK SANUKI UDON\""}, \""totalPrice\"": {\""confidence\"": 0, \""value\"": 7.99}}, {\""infoLines\"": [{\""line\"": 1008, \""text\"": {\""confidence\"": 100, \""value\"": \""2.00 lb @ 1.99 /lb\""}, \""type\"": {\""confidence\"": 100, \""value\"": \""Weight\""}}], \""line\"": 1007, \""price\"": {\""confidence\"": 99.94264221191406, \""value\"": 7.99}, \""price_postfix\"": \""F\"", \""qty\"": {\""confidence\"": 0, \""value\"": 1}, \""rsd\"": {\""confidence\"": 99.88099670410156, \""original_case_value\"": \""KATOK SANUKI UDON\"", \""value\"": \""KATOK SANUKI UDON\""}, \""totalPrice\"": {\""confidence\"": 0, \""value\"": 7.99}}, {\""infoLines\"": [{\""line\"": 1008, \""text\"": {\""confidence\"": 100, \""value\"": \""2.00 lb @ 1.99 /lb\""}, \""type\"": {\""confidence\"": 100, \""value\"": \""Weight\""}}, {\""line\"": 1010, \""text\"": {\""confidence\"": 100, \""value\"": \""1 @ 372.49\""}, \""type\"": {\""confidence\"": 100, \""value\"": \""Quantity\""}}], \""line\"": 1009, \""price\"": {\""confidence\"": 0, \""value\"": 1.99}, \""price_postfix\"": \""F\"", \""qty\"": {\""confidence\"": 0, \""value\"": 2}, \""rsd\"": {\""confidence\"": 100, \""original_case_value\"": \""RED ONION\"", \""value\"": \""RED ONION\""}, \""rsd_prefix\"": \""WT \"", \""totalPrice\"": {\""confidence\"": 0, \""value\"": 3.98}, \""uom\"": {\""confidence\"": 0, \""value\"": \""lb\""}}, {\""infoLines\"": [{\""line\"": 1010, \""text\"": {\""confidence\"": 100, \""value\"": \""1 @ 372.49\""}, \""type\"": {\""confidence\"": 100, \""value\"": \""Quantity\""}}, {\""line\"": 1012, \""text\"": {\""confidence\"": 100, \""value\"": \""1.42 lb @ 2.99 /lb\""}, \""type\"": {\""confidence\"": 100, \""value\"": \""Weight\""}}], \""line\"": 1011, \""price\"": {\""confidence\"": 99.92735290527344, \""value\"": 0.83}, \""price_postfix\"": \""F\"", \""qty\"": {\""confidence\"": 0, \""value\"": 1}, \""rsd\"": {\""confidence\"": 99.92735290527344, \""original_case_value\"": \""GREEN ONION\"", \""value\"": \""GREEN ONION\""}, \""totalPrice\"": {\""confidence\"": 0, \""value\"": 0.83}}, {\""infoLines\"": [{\""line\"": 1012, \""text\"": {\""confidence\"": 100, \""value\"": \""1.42 lb @ 2.99 /lb\""}, \""type\"": {\""confidence\"": 100, \""value\"": \""Weight\""}}], \""line\"": 1013, \""price\"": {\""confidence\"": 0, \""value\"": 2.99}, \""price_postfix\"": \""F\"", \""qty\"": {\""confidence\"": 0, \""value\"": 1.42}, \""rsd\"": {\""confidence\"": 100, \""original_case_value\"": \""SHANGHI BOK CHOY\"", \""value\"": \""SHANGHI BOK CHOY\""}, \""rsd_prefix\"": \""WT \"", \""totalPrice\"": {\""confidence\"": 0, \""value\"": 4.25}, \""uom\"": {\""confidence\"": 0, \""value\"": \""lb\""}}, {\""infoLines\"": [{\""line\"": 1015, \""text\"": {\""confidence\"": 100, \""value\"": \""0.59 lb @ 1.99 /lb\""}, \""type\"": {\""confidence\"": 100, \""value\"": \""Weight\""}}], \""line\"": 1014, \""price\"": {\""confidence\"": 99.79012298583984, \""value\"": 3.49}, \""price_postfix\"": \""F\"", \""qty\"": {\""confidence\"": 0, \""value\"": 1}, \""rsd\"": {\""confidence\"": 99.91036224365234, \""original_case_value\"": \""CRD FRD TOFU FSCK\"", \""value\"": \""CRD FRD TOFU FSCK\""}, \""totalPrice\"": {\""confidence\"": 0, \""value\"": 3.49}}, {\""infoLines\"": [{\""line\"": 1015, \""text\"": {\""confidence\"": 100, \""value\"": \""0.59 lb @ 1.99 /lb\""}, \""type\"": {\""confidence\"": 100, \""value\"": \""Weight\""}}], \""line\"": 1016, \""price\"": {\""confidence\"": 0, \""value\"": 1.99}, \""price_postfix\"": \""F\"", \""qty\"": {\""confidence\"": 0, \""value\"": 0.59}, \""rsd\"": {\""confidence\"": 100, \""original_case_value\"": \""CHINESE EGGPLANT\"", \""value\"": \""CHINESE EGGPLANT\""}, \""rsd_prefix\"": \""WT \"", \""totalPrice\"": {\""confidence\"": 0, \""value\"": 1.17}, \""uom\"": {\""confidence\"": 0, \""value\"": \""lb\""}}, {\""line\"": 1017, \""price\"": {\""confidence\"": 99.52117919921875, \""value\"": 3.99}, \""price_postfix\"": \""F\"", \""qty\"": {\""confidence\"": 0, \""value\"": 1}, \""rsd\"": {\""confidence\"": 99.94908142089844, \""original_case_value\"": \""ICEBERG LETTUCE\"", \""value\"": \""ICEBERG LETTUCE\""}, \""totalPrice\"": {\""confidence\"": 0, \""value\"": 3.99}}, {\""line\"": 1018, \""price\"": {\""confidence\"": 99.90040588378906, \""value\"": 0.99}, \""price_postfix\"": \""T\"", \""qty\"": {\""confidence\"": 0, \""value\"": 1}, \""rsd\"": {\""confidence\"": 99.96879577636719, \""original_case_value\"": \""REUSABLE BAG\"", \""value\"": \""REUSABLE BAG\""}, \""totalPrice\"": {\""confidence\"": 0, \""value\"": 0.99}}], \""purchase_type\"": \""In-Store\"", \""raw_basket\"": \""KATOK SANUKI UDON 7.99 F\\nKATOK SANUKI UDON 7.99 F\\n2.00 lb @ 1.99 /lb\\nWT RED ONION 3.98 F\\n1 @ 372.49\\nGREEN ONION 0.83 F\\n1.42 lb @ 2.99 /lb\\nWT SHANGHI BOK CHOY 4.25 F\\nCRD FRD TOFU FSCK 3.49 F\\n0.59 lb @ 1.99 /lb\\nWT CHINESE EGGPLANT 1.17 F\\nICEBERG LETTUCE 3.99 F\\nREUSABLE BAG 0.99 T\\n\"", \""raw_text_array\"": [\"".hmart.com\\nhern Blvd\\n(ty, NY. 11101\\n.8) 489-8580\\nas YANG KYUNG-MI\\n\\nKATOK SANUKI UDON 7.99 F\\nKATOK SANUKI UDON 7.99 F\\n2.00 lb @ 1.99 /lb\\nWT RED ONION 3.98 F\\n1 @ 372.49\\nGREEN ONION 0.83 F\\n1.42 lb @ 2.99 /lb\\nWT SHANGHI BOK CHOY 4.25 F\\nCRD FRD TOFU FSCK 3.49 F\\n0.59 lb @ 1.99 /lb\\nWT CHINESE EGGPLANT 1.17 F\\nICEBERG LETTUCE 3.99 F\\nREUSABLE BAG 0.99 T\\nTAX 0.09\\n\\n**** BALANCE 34.77\\n--------------~---------~-------------\\nMasterCard Credit - SWIPED\\nACCOUNT NUMBER: ************8088\\nAPPROVAL CODE: 255196\\nSEQUENCE NUMBER: 5971\\nTOTAL AMOUNT: $34.77\\nRESPONSE CODE: APPROVED\\n09/07/24 08:24pm 114 5\\nMasterCard 34.77\\nCHANGE 0.00\\nTOTAL NUMBER OF ITEMS SOLD = 9\\n09/07/24 08:24pm 102 5 259 114\\n\\nRETURN POLICY\\nunused product can be exchanged or\\nrefunded with reciept within 7 days of\\npurchase unless otherwise noted below\\n\\nMeat, fish, produce, and refrigerated\\nfood items must be returned with\\nreciept within 24 hours\\nelectronics and houseware: Must be\\nreturned with receipt within 14 days\\nof purchase and must be unused\\nIf your unable to bring item to\\nstore, please call customer service\\n\\n\\n\\n\\n\\n\\n\\n00010200502592409072024\\n\\n** Thank You and please coms\\n\""], \""raw_trip_footer\"": \""TAX 0.09\\n**** BALANCE 34.77\\n--------------~---------~-------------\\nMasterCard Credit - SWIPED\\nACCOUNT NUMBER : ************8088\\nAPPROVAL CODE: 255196\\nSEQUENCE NUMBER: 5971\\nTOTAL AMOUNT: $34.77\\nRESPONSE CODE: APPROVED\\n09/07/24 08:24pm 114 5\\nMasterCard 34.77\\nCHANGE 0.00\\nTOTAL NUMBER OF ITEMS SOLD = 9\\n09/07/24 08:24pm 102 5 259 114\\nRETURN POLICY\\nunused product can be exchanged or\\nrefunded with reciept within 7 days of\\npurchase unless otherwise noted below\\nMeat, fish, produce, and refrigerated\\nfood items must be returned with\\nreciept within 24 hours\\nelectronics and houseware: Must be\\nreturned with receipt within 14 days\\nof purchase and must be unused\\nIf your unable to bring item to\\nstore, please call customer service\\n00010200502592409072024\\n** Thank You and please coms\\n\"", \""raw_trip_header\"": \"".hmart.com\\nhern Blvd\\n(ty, NY. 11101\\n.8) 489-8580\\nas YANG KYUNG-MI\\n\"", \""register\"": {\""confidence\"": 99.92713165283203, \""value\"": \""259\""}, \""store\"": {\""confidence\"": 99.92713165283203, \""value\"": \""102\""}, \""store_city\"": {\""confidence\"": 93.8136215209961, \""value\"": \""(ty\""}, \""store_state\"": {\""confidence\"": 93.8136215209961, \""value\"": \""NY\""}, \""store_street\"": {\""confidence\"": 99.62150573730469, \""value\"": \""hern Blvd\""}, \""store_zip\"": {\""confidence\"": 93.8136215209961, \""value\"": \""11101\""}, \""subtotal\"": {\""confidence\"": 100, \""value\"": 34.68}, \""taxes\"": {\""confidence\"": 99.9240493774414, \""value\"": 0.09}, \""time\"": {\""confidence\"": 99.92713165283203, \""value\"": \""20:24\""}, \""total\"": {\""confidence\"": 95, \""value\"": 34.77}, \""transaction\"": {\""confidence\"": 99.92713165283203, \""value\"": \""114\""}, \""trip_confidence\"": 100, \""blink_receipt_id\"": \""7178ec53-2cab-4ab0-9a00-91c20a273dee\"", \""cashback\"": 0, \""image_urls\"": [\""https://img.cdn4dd.com/cdn-cgi/image/format=auto/https://doordash-static.s3.amazonaws.com/media/photosV2/c7ddc52e-ad5a-48a1-a6ba-8964491116a6-retina-large.jpeg\""], \""country_code\"": \""US\"", \""api_version\"": 14}""
  }
]"
"[
  {
    ""key"": ""unmatched_item_info"",
    ""value"": ""[]""
  },
  {
    ""key"": ""embedding_matching_df"",
    ""value"": ""{\""ELYSIAN 6PK\"": {\""On The Vine Tomato (each)\"": 0.23149352737660983, \""Sweet Potato (each)\"": 0.2261928334414198, \""Garlic\"": 0.1402598656170341, \""Russett Potatoes\"": 0.20790599485901579, \""Jalapeno Pepper (each)\"": 0.2116307271277439, \""Ben & Jerry's New York Super Fudge Chunk Ice Cream (1 pt)\"": 0.2482148413100305, \""Elysian Brewing Space Dust IPA Bottles (12 fl oz x 6 ct)\"": 0.6818331608390351, \""Red Onions (each)\"": 0.21362235402363253, \""Boca Vegan Frozen Spicy Chik'n Veggie Soy Protein Patties (4 ct)\"": 0.2316123838926398, \""Gardein Vegan Plant-Based Frozen Ultimate Original Breakfast Saus'ge Patties (6 ct)\"": 0.26764848073753467, \""Bag Fee\"": 0.0, \""Bottle Deposit aka CRV\"": 0.0, \""Unknown Item\"": 0.1937686598780679}, \""BTL/CAN DEPOSIT\"": {\""On The Vine Tomato (each)\"": 0.15903177944293856, \""Sweet Potato (each)\"": 0.17669347847398945, \""Garlic\"": 0.10831872801011393, \""Russett Potatoes\"": 0.1381817290703436, \""Jalapeno Pepper (each)\"": 0.1638405770759842, \""Ben & Jerry's New York Super Fudge Chunk Ice Cream (1 pt)\"": 0.175488087726306, \""Elysian Brewing Space Dust IPA Bottles (12 fl oz x 6 ct)\"": 0.17004903837502214, \""Red Onions (each)\"": 0.15454652026574983, \""Boca Vegan Frozen Spicy Chik'n Veggie Soy Protein Patties (4 ct)\"": 0.14494785557699766, \""Gardein Vegan Plant-Based Frozen Ultimate Original Breakfast Saus'ge Patties (6 ct)\"": 0.1265902275016754, \""Bag Fee\"": 0.3273612073998877, \""Bottle Deposit aka CRV\"": 0.41633216710449883, \""Unknown Item\"": 0.15742751892260762}, \""BCA CHX SPCY PAT\"": {\""On The Vine Tomato (each)\"": 0.1846219552463811, \""Sweet Potato (each)\"": 0.2553255559396828, \""Garlic\"": 0.21225827967075497, \""Russett Potatoes\"": 0.19610206147006884, \""Jalapeno Pepper (each)\"": 0.2410236945051425, \""Ben & Jerry's New York Super Fudge Chunk Ice Cream (1 pt)\"": 0.2608704273514576, \""Elysian Brewing Space Dust IPA Bottles (12 fl oz x 6 ct)\"": 0.18476872454455723, \""Red Onions (each)\"": 0.20415460471795296, \""Boca Vegan Frozen Spicy Chik'n Veggie Soy Protein Patties (4 ct)\"": 0.3321202198773529, \""Gardein Vegan Plant-Based Frozen Ultimate Original Breakfast Saus'ge Patties (6 ct)\"": 0.24330569026419963, \""Bag Fee\"": 0.0, \""Bottle Deposit aka CRV\"": 0.0, \""Unknown Item\"": 0.2350709776343462}, \""GRD BRKF SSG7.4Z\"": {\""On The Vine Tomato (each)\"": 0.14653616827092433, \""Sweet Potato (each)\"": 0.1758303730664293, \""Garlic\"": 0.1865078344298562, \""Russett Potatoes\"": 0.16448604739836092, \""Jalapeno Pepper (each)\"": 0.17869553053253004, \""Ben & Jerry's New York Super Fudge Chunk Ice Cream (1 pt)\"": 0.13399489537011383, \""Elysian Brewing Space Dust IPA Bottles (12 fl oz x 6 ct)\"": 0.11578400631430989, \""Red Onions (each)\"": 0.19297220307414187, \""Boca Vegan Frozen Spicy Chik'n Veggie Soy Protein Patties (4 ct)\"": 0.16195707624184294, \""Gardein Vegan Plant-Based Frozen Ultimate Original Breakfast Saus'ge Patties (6 ct)\"": 0.22248104902662436, \""Bag Fee\"": 0.0, \""Bottle Deposit aka CRV\"": 0.0, \""Unknown Item\"": 0.27076622215945967}, \""BEN&JERRY IC 16Z\"": {\""On The Vine Tomato (each)\"": 0.2451970195251897, \""Sweet Potato (each)\"": 0.28382033319418554, \""Garlic\"": 0.23283213940128084, \""Russett Potatoes\"": 0.21466368630308333, \""Jalapeno Pepper (each)\"": 0.29470090582807357, \""Ben & Jerry's New York Super Fudge Chunk Ice Cream (1 pt)\"": 0.6260622127192156, \""Elysian Brewing Space Dust IPA Bottles (12 fl oz x 6 ct)\"": 0.2976031465859421, \""Red Onions (each)\"": 0.25135834728241063, \""Boca Vegan Frozen Spicy Chik'n Veggie Soy Protein Patties (4 ct)\"": 0.3211343582129492, \""Gardein Vegan Plant-Based Frozen Ultimate Original Breakfast Saus'ge Patties (6 ct)\"": 0.2715411971702116, \""Bag Fee\"": 0.0, \""Bottle Deposit aka CRV\"": 0.0, \""Unknown Item\"": 0.23675863812097286}, \""GREEN CUBANELLE\"": {\""On The Vine Tomato (each)\"": 0.35567357411311773, \""Sweet Potato (each)\"": 0.31627076174597546, \""Garlic\"": 0.3188295633029743, \""Russett Potatoes\"": 0.3450645995559749, \""Jalapeno Pepper (each)\"": 0.460626064485072, \""Ben & Jerry's New York Super Fudge Chunk Ice Cream (1 pt)\"": 0.25321668474614717, \""Elysian Brewing Space Dust IPA Bottles (12 fl oz x 6 ct)\"": 0.14540441324301856, \""Red Onions (each)\"": 0.35949022919602774, \""Boca Vegan Frozen Spicy Chik'n Veggie Soy Protein Patties (4 ct)\"": 0.2724280870237603, \""Gardein Vegan Plant-Based Frozen Ultimate Original Breakfast Saus'ge Patties (6 ct)\"": 0.19714350538181052, \""Bag Fee\"": 0.0, \""Bottle Deposit aka CRV\"": 0.0, \""Unknown Item\"": 0.2212725081449016}, \""SB MICRO RST POT\"": {\""On The Vine Tomato (each)\"": 0.1466512921070762, \""Sweet Potato (each)\"": 0.21559899079836234, \""Garlic\"": 0.1689170302516329, \""Russett Potatoes\"": 0.3024600551974783, \""Jalapeno Pepper (each)\"": 0.18361004794443045, \""Ben & Jerry's New York Super Fudge Chunk Ice Cream (1 pt)\"": 0.15167434912295633, \""Elysian Brewing Space Dust IPA Bottles (12 fl oz x 6 ct)\"": 0.11482297148047357, \""Red Onions (each)\"": 0.18001308002682265, \""Boca Vegan Frozen Spicy Chik'n Veggie Soy Protein Patties (4 ct)\"": 0.12335352004599326, \""Gardein Vegan Plant-Based Frozen Ultimate Original Breakfast Saus'ge Patties (6 ct)\"": 0.13039984585976178, \""Bag Fee\"": 0.19258111074138218, \""Bottle Deposit aka CRV\"": 0.20047307798640646, \""Unknown Item\"": 0.14937311050289254}, \""TOMATO ON VINE\"": {\""On The Vine Tomato (each)\"": 0.7136530954927016, \""Sweet Potato (each)\"": 0.3399862820398883, \""Garlic\"": 0.36834669801543163, \""Russett Potatoes\"": 0.3568168506762048, \""Jalapeno Pepper (each)\"": 0.3774484500916191, \""Ben & Jerry's New York Super Fudge Chunk Ice Cream (1 pt)\"": 0.2583209775928326, \""Elysian Brewing Space Dust IPA Bottles (12 fl oz x 6 ct)\"": 0.20578239600968415, \""Red Onions (each)\"": 0.4408491262485904, \""Boca Vegan Frozen Spicy Chik'n Veggie Soy Protein Patties (4 ct)\"": 0.29047429693169186, \""Gardein Vegan Plant-Based Frozen Ultimate Original Breakfast Saus'ge Patties (6 ct)\"": 0.24128379634291666, \""Bag Fee\"": 0.0, \""Bottle Deposit aka CRV\"": 0.0, \""Unknown Item\"": 0.24037258537328557}, \""ONION RED\"": {\""On The Vine Tomato (each)\"": 0.38452246803762447, \""Sweet Potato (each)\"": 0.3165417697498146, \""Garlic\"": 0.42013698909845, \""Russett Potatoes\"": 0.38945081987009644, \""Jalapeno Pepper (each)\"": 0.3518422403677446, \""Ben & Jerry's New York Super Fudge Chunk Ice Cream (1 pt)\"": 0.2188058400177284, \""Elysian Brewing Space Dust IPA Bottles (12 fl oz x 6 ct)\"": 0.1596144091113021, \""Red Onions (each)\"": 0.6510787793043483, \""Boca Vegan Frozen Spicy Chik'n Veggie Soy Protein Patties (4 ct)\"": 0.2259595348546634, \""Gardein Vegan Plant-Based Frozen Ultimate Original Breakfast Saus'ge Patties (6 ct)\"": 0.19133743251597796, \""Bag Fee\"": 0.0, \""Bottle Deposit aka CRV\"": 0.0, \""Unknown Item\"": 0.24892799087705256}, \""GARLIC\"": {\""On The Vine Tomato (each)\"": 0.31721039750845764, \""Sweet Potato (each)\"": 0.31528005546532945, \""Garlic\"": 0.8635583419434931, \""Russett Potatoes\"": 0.339826962566811, \""Jalapeno Pepper (each)\"": 0.3598563993975799, \""Ben & Jerry's New York Super Fudge Chunk Ice Cream (1 pt)\"": 0.22375564951340846, \""Elysian Brewing Space Dust IPA Bottles (12 fl oz x 6 ct)\"": 0.1335721531245194, \""Red Onions (each)\"": 0.3863383502041383, \""Boca Vegan Frozen Spicy Chik'n Veggie Soy Protein Patties (4 ct)\"": 0.2725562110224122, \""Gardein Vegan Plant-Based Frozen Ultimate Original Breakfast Saus'ge Patties (6 ct)\"": 0.28955053577969314, \""Bag Fee\"": 0.20030107643229977, \""Bottle Deposit aka CRV\"": 0.1277135979999378, \""Unknown Item\"": 0.12261388585863894}, \""POTATO SWEET\"": {\""On The Vine Tomato (each)\"": 0.26131354318956584, \""Sweet Potato (each)\"": 0.5454724614071881, \""Garlic\"": 0.29692311831057455, \""Russett Potatoes\"": 0.5204979850226215, \""Jalapeno Pepper (each)\"": 0.2854701518401127, \""Ben & Jerry's New York Super Fudge Chunk Ice Cream (1 pt)\"": 0.2868035893807597, \""Elysian Brewing Space Dust IPA Bottles (12 fl oz x 6 ct)\"": 0.1028785294596961, \""Red Onions (each)\"": 0.25705279025557637, \""Boca Vegan Frozen Spicy Chik'n Veggie Soy Protein Patties (4 ct)\"": 0.24135683472606534, \""Gardein Vegan Plant-Based Frozen Ultimate Original Breakfast Saus'ge Patties (6 ct)\"": 0.22859563611721537, \""Bag Fee\"": 0.22637807781089245, \""Bottle Deposit aka CRV\"": 0.14013395633768722, \""Unknown Item\"": 0.1985077120714584}, \""Unknown Item\"": {\""On The Vine Tomato (each)\"": 0.21980357388948785, \""Sweet Potato (each)\"": 0.21376873603933783, \""Garlic\"": 0.20034734246770503, \""Russett Potatoes\"": 0.2104175491796307, \""Jalapeno Pepper (each)\"": 0.2166168751370782, \""Ben & Jerry's New York Super Fudge Chunk Ice Cream (1 pt)\"": 0.19241180435666036, \""Elysian Brewing Space Dust IPA Bottles (12 fl oz x 6 ct)\"": 0.1791528665371719, \""Red Onions (each)\"": 0.20905651541323866, \""Boca Vegan Frozen Spicy Chik'n Veggie Soy Protein Patties (4 ct)\"": 0.17118012054485854, \""Gardein Vegan Plant-Based Frozen Ultimate Original Breakfast Saus'ge Patties (6 ct)\"": 0.18480806349893678, \""Bag Fee\"": 0.30044820010565, \""Bottle Deposit aka CRV\"": 0.21772245173863908, \""Unknown Item\"": 0.9989999365107254}}""
  },
  {
    ""key"": ""total_amount"",
    ""value"": ""{\""money\"": {\""unit_amount\"": 3942, \""currency\"": \""USD\"", \""display_string\"": \""None39.42\"", \""decimal_places\"": 2, \""sign\"": null, \""symbol\"": null}, \""confidence_score\"": 1.0}""
  },
  {
    ""key"": ""discount_amount"",
    ""value"": ""{\""money\"": {\""unit_amount\"": 0, \""currency\"": \""USD\"", \""display_string\"": \""None0.00\"", \""decimal_places\"": 2, \""sign\"": null, \""symbol\"": null}, \""confidence_score\"": 1.0}""
  },
  {
    ""key"": ""business_id"",
    ""value"": ""11846814""
  },
  {
    ""key"": ""subtotal_amount"",
    ""value"": ""{\""money\"": {\""unit_amount\"": 3942, \""currency\"": \""USD\"", \""display_string\"": \""None39.42\"", \""decimal_places\"": 2, \""sign\"": null, \""symbol\"": null}, \""confidence_score\"": 1.0}""
  },
  {
    ""key"": ""tax_confidence_score"",
    ""value"": ""1.0""
  },
  {
    ""key"": ""matched_item_info"",
    ""value"": ""[{\""merchant_supplied_id\"": \""00000000906635\"", \""display_name\"": \""Elysian Brewing Space Dust IPA Bottles (12 fl oz x 6 ct)\"", \""ocr_description\"": \""ELYSIAN 6PK\"", \""quantity\"": {\""value\"": 1.0}, \""price_per_unit\"": {\""unit_amount\"": 1449, \""currency\"": \""USD\"", \""display_string\"": \""None14.49\"", \""decimal_places\"": 2, \""sign\"": null, \""symbol\"": null}, \""item_price\"": {\""unit_amount\"": 1449, \""currency\"": \""USD\"", \""display_string\"": \""None14.49\"", \""decimal_places\"": 2, \""sign\"": null, \""symbol\"": null}, \""non_discount_price_per_unit\"": {\""unit_amount\"": 0, \""currency\"": \""USD\"", \""display_string\"": \""None0.00\"", \""decimal_places\"": 2, \""sign\"": null, \""symbol\"": null}, \""non_discount_item_price\"": {\""unit_amount\"": 0, \""currency\"": \""USD\"", \""display_string\"": \""None0.00\"", \""decimal_places\"": 2, \""sign\"": null, \""symbol\"": null}, \""sold_by_weight\"": false, \""confidence_score\"": 1.0}, {\""merchant_supplied_id\"": \""00000000007245\"", \""display_name\"": \""Boca Vegan Frozen Spicy Chik'n Veggie Soy Protein Patties (4 ct)\"", \""ocr_description\"": \""BCA CHX SPCY PAT\"", \""quantity\"": {\""value\"": 1.0}, \""price_per_unit\"": {\""unit_amount\"": 549, \""currency\"": \""USD\"", \""display_string\"": \""None5.49\"", \""decimal_places\"": 2, \""sign\"": null, \""symbol\"": null}, \""item_price\"": {\""unit_amount\"": 549, \""currency\"": \""USD\"", \""display_string\"": \""None5.49\"", \""decimal_places\"": 2, \""sign\"": null, \""symbol\"": null}, \""non_discount_price_per_unit\"": {\""unit_amount\"": 0, \""currency\"": \""USD\"", \""display_string\"": \""None0.00\"", \""decimal_places\"": 2, \""sign\"": null, \""symbol\"": null}, \""non_discount_item_price\"": {\""unit_amount\"": 0, \""currency\"": \""USD\"", \""display_string\"": \""None0.00\"", \""decimal_places\"": 2, \""sign\"": null, \""symbol\"": null}, \""sold_by_weight\"": false, \""confidence_score\"": 1.0}, {\""merchant_supplied_id\"": \""00000000150796\"", \""display_name\"": \""Gardein Vegan Plant-Based Frozen Ultimate Original Breakfast Saus'ge Patties (6 ct)\"", \""ocr_description\"": \""GRD BRKF SSG7.4Z\"", \""quantity\"": {\""value\"": 1.0}, \""price_per_unit\"": {\""unit_amount\"": 450, \""currency\"": \""USD\"", \""display_string\"": \""None4.50\"", \""decimal_places\"": 2, \""sign\"": null, \""symbol\"": null}, \""item_price\"": {\""unit_amount\"": 450, \""currency\"": \""USD\"", \""display_string\"": \""None4.50\"", \""decimal_places\"": 2, \""sign\"": null, \""symbol\"": null}, \""non_discount_price_per_unit\"": {\""unit_amount\"": 0, \""currency\"": \""USD\"", \""display_string\"": \""None0.00\"", \""decimal_places\"": 2, \""sign\"": null, \""symbol\"": null}, \""non_discount_item_price\"": {\""unit_amount\"": 0, \""currency\"": \""USD\"", \""display_string\"": \""None0.00\"", \""decimal_places\"": 2, \""sign\"": null, \""symbol\"": null}, \""sold_by_weight\"": false, \""confidence_score\"": 1.0}, {\""merchant_supplied_id\"": \""00000000250686\"", \""display_name\"": \""Ben & Jerry's New York Super Fudge Chunk Ice Cream (1 pt)\"", \""ocr_description\"": \""BEN&JERRY IC 16Z\"", \""quantity\"": {\""value\"": 1.0}, \""price_per_unit\"": {\""unit_amount\"": 399, \""currency\"": \""USD\"", \""display_string\"": \""None3.99\"", \""decimal_places\"": 2, \""sign\"": null, \""symbol\"": null}, \""item_price\"": {\""unit_amount\"": 399, \""currency\"": \""USD\"", \""display_string\"": \""None3.99\"", \""decimal_places\"": 2, \""sign\"": null, \""symbol\"": null}, \""non_discount_price_per_unit\"": {\""unit_amount\"": 0, \""currency\"": \""USD\"", \""display_string\"": \""None0.00\"", \""decimal_places\"": 2, \""sign\"": null, \""symbol\"": null}, \""non_discount_item_price\"": {\""unit_amount\"": 0, \""currency\"": \""USD\"", \""display_string\"": \""None0.00\"", \""decimal_places\"": 2, \""sign\"": null, \""symbol\"": null}, \""sold_by_weight\"": false, \""confidence_score\"": 1.0}, {\""merchant_supplied_id\"": \""00000000241036\"", \""display_name\"": \""Jalapeno Pepper (each)\"", \""ocr_description\"": \""GREEN CUBANELLE\"", \""quantity\"": {\""value\"": 0.1}, \""price_per_unit\"": {\""unit_amount\"": 300, \""currency\"": \""USD\"", \""display_string\"": \""None3.00\"", \""decimal_places\"": 2, \""sign\"": null, \""symbol\"": null}, \""item_price\"": {\""unit_amount\"": 30, \""currency\"": \""USD\"", \""display_string\"": \""None0.30\"", \""decimal_places\"": 2, \""sign\"": null, \""symbol\"": null}, \""non_discount_price_per_unit\"": {\""unit_amount\"": 0, \""currency\"": \""USD\"", \""display_string\"": \""None0.00\"", \""decimal_places\"": 2, \""sign\"": null, \""symbol\"": null}, \""non_discount_item_price\"": {\""unit_amount\"": 0, \""currency\"": \""USD\"", \""display_string\"": \""None0.00\"", \""decimal_places\"": 2, \""sign\"": null, \""symbol\"": null}, \""sold_by_weight\"": true, \""confidence_score\"": 1.0}, {\""merchant_supplied_id\"": \""00000000040034\"", \""display_name\"": \""Russett Potatoes\"", \""ocr_description\"": \""SB MICRO RST POT\"", \""quantity\"": {\""value\"": 2.0}, \""price_per_unit\"": {\""unit_amount\"": 99, \""currency\"": \""USD\"", \""display_string\"": \""None0.99\"", \""decimal_places\"": 2, \""sign\"": null, \""symbol\"": null}, \""item_price\"": {\""unit_amount\"": 198, \""currency\"": \""USD\"", \""display_string\"": \""None1.98\"", \""decimal_places\"": 2, \""sign\"": null, \""symbol\"": null}, \""non_discount_price_per_unit\"": {\""unit_amount\"": 0, \""currency\"": \""USD\"", \""display_string\"": \""None0.00\"", \""decimal_places\"": 2, \""sign\"": null, \""symbol\"": null}, \""non_discount_item_price\"": {\""unit_amount\"": 0, \""currency\"": \""USD\"", \""display_string\"": \""None0.00\"", \""decimal_places\"": 2, \""sign\"": null, \""symbol\"": null}, \""sold_by_weight\"": false, \""confidence_score\"": 1.0}, {\""merchant_supplied_id\"": \""00000000041714\"", \""display_name\"": \""On The Vine Tomato (each)\"", \""ocr_description\"": \""TOMATO ON VINE\"", \""quantity\"": {\""value\"": 0.75}, \""price_per_unit\"": {\""unit_amount\"": 239, \""currency\"": \""USD\"", \""display_string\"": \""None2.39\"", \""decimal_places\"": 2, \""sign\"": null, \""symbol\"": null}, \""item_price\"": {\""unit_amount\"": 179, \""currency\"": \""USD\"", \""display_string\"": \""None1.79\"", \""decimal_places\"": 2, \""sign\"": null, \""symbol\"": null}, \""non_discount_price_per_unit\"": {\""unit_amount\"": 0, \""currency\"": \""USD\"", \""display_string\"": \""None0.00\"", \""decimal_places\"": 2, \""sign\"": null, \""symbol\"": null}, \""non_discount_item_price\"": {\""unit_amount\"": 0, \""currency\"": \""USD\"", \""display_string\"": \""None0.00\"", \""decimal_places\"": 2, \""sign\"": null, \""symbol\"": null}, \""sold_by_weight\"": true, \""confidence_score\"": 1.0}, {\""merchant_supplied_id\"": \""00000000040122\"", \""display_name\"": \""Red Onions (each)\"", \""ocr_description\"": \""ONION RED\"", \""quantity\"": {\""value\"": 1.2}, \""price_per_unit\"": {\""unit_amount\"": 189, \""currency\"": \""USD\"", \""display_string\"": \""None1.89\"", \""decimal_places\"": 2, \""sign\"": null, \""symbol\"": null}, \""item_price\"": {\""unit_amount\"": 227, \""currency\"": \""USD\"", \""display_string\"": \""None2.27\"", \""decimal_places\"": 2, \""sign\"": null, \""symbol\"": null}, \""non_discount_price_per_unit\"": {\""unit_amount\"": 0, \""currency\"": \""USD\"", \""display_string\"": \""None0.00\"", \""decimal_places\"": 2, \""sign\"": null, \""symbol\"": null}, \""non_discount_item_price\"": {\""unit_amount\"": 0, \""currency\"": \""USD\"", \""display_string\"": \""None0.00\"", \""decimal_places\"": 2, \""sign\"": null, \""symbol\"": null}, \""sold_by_weight\"": true, \""confidence_score\"": 1.0}, {\""merchant_supplied_id\"": \""00000000042360\"", \""display_name\"": \""Garlic\"", \""ocr_description\"": \""GARLIC\"", \""quantity\"": {\""value\"": 1.0}, \""price_per_unit\"": {\""unit_amount\"": 99, \""currency\"": \""USD\"", \""display_string\"": \""None0.99\"", \""decimal_places\"": 2, \""sign\"": null, \""symbol\"": null}, \""item_price\"": {\""unit_amount\"": 99, \""currency\"": \""USD\"", \""display_string\"": \""None0.99\"", \""decimal_places\"": 2, \""sign\"": null, \""symbol\"": null}, \""non_discount_price_per_unit\"": {\""unit_amount\"": 0, \""currency\"": \""USD\"", \""display_string\"": \""None0.00\"", \""decimal_places\"": 2, \""sign\"": null, \""symbol\"": null}, \""non_discount_item_price\"": {\""unit_amount\"": 0, \""currency\"": \""USD\"", \""display_string\"": \""None0.00\"", \""decimal_places\"": 2, \""sign\"": null, \""symbol\"": null}, \""sold_by_weight\"": false, \""confidence_score\"": 1.0}, {\""merchant_supplied_id\"": \""00000000040035\"", \""display_name\"": \""Sweet Potato (each)\"", \""ocr_description\"": \""POTATO SWEET\"", \""quantity\"": {\""value\"": 2.17}, \""price_per_unit\"": {\""unit_amount\"": 139, \""currency\"": \""USD\"", \""display_string\"": \""None1.39\"", \""decimal_places\"": 2, \""sign\"": null, \""symbol\"": null}, \""item_price\"": {\""unit_amount\"": 302, \""currency\"": \""USD\"", \""display_string\"": \""None3.02\"", \""decimal_places\"": 2, \""sign\"": null, \""symbol\"": null}, \""non_discount_price_per_unit\"": {\""unit_amount\"": 0, \""currency\"": \""USD\"", \""display_string\"": \""None0.00\"", \""decimal_places\"": 2, \""sign\"": null, \""symbol\"": null}, \""non_discount_item_price\"": {\""unit_amount\"": 0, \""currency\"": \""USD\"", \""display_string\"": \""None0.00\"", \""decimal_places\"": 2, \""sign\"": null, \""symbol\"": null}, \""sold_by_weight\"": true, \""confidence_score\"": 1.0}]""
  },
  {
    ""key"": ""bag_fee_info"",
    ""value"": ""{\""quantity\"": {\""value\"": 0}, \""price_per_unit\"": {\""unit_amount\"": 0, \""currency\"": \""USD\"", \""display_string\"": \""None0.00\"", \""decimal_places\"": 2, \""sign\"": null, \""symbol\"": null}, \""item_price\"": {\""unit_amount\"": 0, \""currency\"": \""USD\"", \""display_string\"": \""None0.00\"", \""decimal_places\"": 2, \""sign\"": null, \""symbol\"": null}, \""confidence_score\"": 1.0}""
  },
  {
    ""key"": ""blink_items_df"",
    ""value"": ""{\""ocr_description\"": {\""0\"": \""ELYSIAN 6PK\"", \""1\"": \""BTL/CAN DEPOSIT\"", \""2\"": \""BCA CHX SPCY PAT\"", \""3\"": \""GRD BRKF SSG7.4Z\"", \""4\"": \""BEN&JERRY IC 16Z\"", \""5\"": \""GREEN CUBANELLE\"", \""6\"": \""SB MICRO RST POT\"", \""7\"": \""TOMATO ON VINE\"", \""8\"": \""ONION RED\"", \""9\"": \""GARLIC\"", \""10\"": \""POTATO SWEET\"", \""11\"": \""discount_cents\"", \""12\"": \""subtotal_cents\"", \""13\"": \""total_tax_cents\"", \""14\"": \""total_cents\""}, \""quantity\"": {\""0\"": 1.0, \""1\"": 1.0, \""2\"": 1.0, \""3\"": 1.0, \""4\"": 1.0, \""5\"": 0.1, \""6\"": 2.0, \""7\"": 0.75, \""8\"": 1.2, \""9\"": 1.0, \""10\"": 2.17, \""11\"": NaN, \""12\"": NaN, \""13\"": NaN, \""14\"": NaN}, \""price_per_unit_cents\"": {\""0\"": 1449.0, \""1\"": 60.0, \""2\"": 549.0, \""3\"": 450.0, \""4\"": 399.0, \""5\"": 300.0, \""6\"": 99.0, \""7\"": 239.0, \""8\"": 189.0, \""9\"": 99.0, \""10\"": 139.0, \""11\"": NaN, \""12\"": NaN, \""13\"": NaN, \""14\"": NaN}, \""item_price_cents\"": {\""0\"": 1449, \""1\"": 60, \""2\"": 549, \""3\"": 450, \""4\"": 399, \""5\"": 30, \""6\"": 198, \""7\"": 179, \""8\"": 227, \""9\"": 99, \""10\"": 302, \""11\"": 0, \""12\"": 3942, \""13\"": 0, \""14\"": 3942}}""
  },
  {
    ""key"": ""input_swipe_amount"",
    ""value"": ""3942""
  },
  {
    ""key"": ""is_legible"",
    ""value"": ""true""
  },
  {
    ""key"": ""input_item_info"",
    ""value"": ""[{\""merchant_supplied_id\"": \""00000000041714\"", \""display_name\"": \""On The Vine Tomato (each)\"", \""scanned_barcode\"": null}, {\""merchant_supplied_id\"": \""00000000040035\"", \""display_name\"": \""Sweet Potato (each)\"", \""scanned_barcode\"": null}, {\""merchant_supplied_id\"": \""00000000042360\"", \""display_name\"": \""Garlic\"", \""scanned_barcode\"": null}, {\""merchant_supplied_id\"": \""00000000040034\"", \""display_name\"": \""Russett Potatoes\"", \""scanned_barcode\"": null}, {\""merchant_supplied_id\"": \""00000000241036\"", \""display_name\"": \""Jalapeno Pepper (each)\"", \""scanned_barcode\"": null}, {\""merchant_supplied_id\"": \""00000000250686\"", \""display_name\"": \""Ben & Jerry's New York Super Fudge Chunk Ice Cream (1 pt)\"", \""scanned_barcode\"": null}, {\""merchant_supplied_id\"": \""00000000906635\"", \""display_name\"": \""Elysian Brewing Space Dust IPA Bottles (12 fl oz x 6 ct)\"", \""scanned_barcode\"": null}, {\""merchant_supplied_id\"": \""00000000040122\"", \""display_name\"": \""Red Onions (each)\"", \""scanned_barcode\"": null}, {\""merchant_supplied_id\"": \""00000000007245\"", \""display_name\"": \""Boca Vegan Frozen Spicy Chik'n Veggie Soy Protein Patties (4 ct)\"", \""scanned_barcode\"": null}, {\""merchant_supplied_id\"": \""00000000150796\"", \""display_name\"": \""Gardein Vegan Plant-Based Frozen Ultimate Original Breakfast Saus'ge Patties (6 ct)\"", \""scanned_barcode\"": null}]""
  },
  {
    ""key"": ""url"",
    ""value"": ""\""https://img.cdn4dd.com/cdn-cgi/image/format=auto/https://doordash-static.s3.amazonaws.com/media/photosV2/21b4f891-0638-41a5-94cb-67cf4a1ea4fd-retina-large.jpeg\""""
  },
  {
    ""key"": ""sanity_checks"",
    ""value"": ""{\""swipe_match\"": true, \""subtotal_match\"": true, \""tax_match\"": true, \""items_length_match\"": true, \""ok_ocr_name_deduping\"": true, \""item_price_reasonableness\"": true, \""weights_look_ok\"": true, \""bag_fee_max_price\"": true, \""bottle_fee_max_price\"": true, \""bag_fee_max_count\"": true, \""bottle_fee_max_count\"": true, \""tax_vs_subtotal_sanity_check\"": true, \""has_no_unknown_items\"": true, \""has_no_missing_items\"": true, \""delivery_discounts_are_nonzero\"": true}""
  },
  {
    ""key"": ""bottle_fee_info"",
    ""value"": ""{\""quantity\"": {\""value\"": 1.0}, \""price_per_unit\"": {\""unit_amount\"": 60, \""currency\"": \""USD\"", \""display_string\"": \""None0.60\"", \""decimal_places\"": 2, \""sign\"": null, \""symbol\"": null}, \""item_price\"": {\""unit_amount\"": 60, \""currency\"": \""USD\"", \""display_string\"": \""None0.60\"", \""decimal_places\"": 2, \""sign\"": null, \""symbol\"": null}, \""confidence_score\"": 1.0}""
  },
  {
    ""key"": ""delivery_uuid"",
    ""value"": ""\""ac578fe4-6727-3001-b4e1-704574a3f9b8\""""
  },
  {
    ""key"": ""missing_item_info"",
    ""value"": ""[]""
  },
  {
    ""key"": ""tax_amount"",
    ""value"": ""{\""money\"": {\""unit_amount\"": 0, \""currency\"": \""USD\"", \""display_string\"": \""None0.00\"", \""decimal_places\"": 2, \""sign\"": null, \""symbol\"": null}, \""confidence_score\"": 1.0}""
  },
  {
    ""key"": ""confidence_score"",
    ""value"": ""1.0""
  },
  {
    ""key"": ""raw_blink_receipt"",
    ""value"": ""{\""banner_id\"": 46, \""cardTypeFromAID\"": true, \""cashier\"": {\""confidence\"": 99.98575592041016, \""value\"": \""5\""}, \""channel\"": {\""confidence\"": 100, \""value\"": \""Food\""}, \""date\"": {\""confidence\"": 99.98575592041016, \""value\"": \""09/06/2024\""}, \""discounts\"": [{\""description\"": {\""confidence\"": 100, \""value\"": \""SAVINGS\""}, \""line\"": 1014, \""price\"": {\""confidence\"": 0, \""value\"": 1.29}, \""relatedProductIndex\"": 3}, {\""description\"": {\""confidence\"": 100, \""value\"": \""SAVINGS\""}, \""line\"": 1017, \""price\"": {\""confidence\"": 0, \""value\"": 2}, \""relatedProductIndex\"": 4}, {\""description\"": {\""confidence\"": 100, \""value\"": \""SAVINGS\""}, \""line\"": 1026, \""price\"": {\""confidence\"": 0, \""value\"": 0.3}, \""relatedProductIndex\"": 7}, {\""description\"": {\""confidence\"": 100, \""value\"": \""SAVINGS\""}, \""line\"": 1029, \""price\"": {\""confidence\"": 0, \""value\"": 0.3}, \""relatedProductIndex\"": 8}], \""isDigital\"": false, \""isFraudulent\"": false, \""is_blurry\"": false, \""is_instacart_shopper\"": false, \""is_receipt\"": true, \""is_screen\"": false, \""item_confidence\"": 99, \""last4cc\"": {\""confidence\"": 99.99225616455078, \""value\"": \""9066\""}, \""merchant_confidence\"": 100, \""merchant_name\"": \""Stop & Shop\"", \""ocr_confidence\"": 99.74391174316406, \""paymentMethods\"": [{\""amount\"": {\""confidence\"": 0, \""value\"": 39.42}, \""cardType\"": {\""confidence\"": 100, \""value\"": \""Mastercard\""}, \""method\"": {\""confidence\"": 99.97779846191406, \""value\"": \""Credit\""}}], \""phones\"": [{\""confidence\"": 99.78594970703125, \""value\"": \""203-503-0105\""}], \""products\"": [{\""line\"": 1009, \""price\"": {\""confidence\"": 99.92554473876953, \""value\"": 14.49}, \""price_postfix\"": \""T\"", \""qty\"": {\""confidence\"": 0, \""value\"": 1}, \""rsd\"": {\""confidence\"": 99.85871887207031, \""original_case_value\"": \""ELYSIAN 6PK\"", \""value\"": \""ELYSIAN 6PK\""}, \""rsd_postfix\"": \"" NP\"", \""totalPrice\"": {\""confidence\"": 0, \""value\"": 14.49}}, {\""infoLines\"": [{\""line\"": 1011, \""text\"": {\""confidence\"": 100, \""value\"": \""FROZEN FOOD\""}, \""type\"": {\""confidence\"": 100, \""value\"": \""Category\""}}], \""line\"": 1010, \""price\"": {\""confidence\"": 99.92786407470703, \""value\"": 0.6}, \""qty\"": {\""confidence\"": 0, \""value\"": 1}, \""rsd\"": {\""confidence\"": 99.97210693359375, \""original_case_value\"": \""BTL/CAN DEPOSIT\"", \""value\"": \""BTL/CAN DEPOSIT\""}, \""rsd_prefix\"": \""DP \"", \""totalPrice\"": {\""confidence\"": 0, \""value\"": 0.6}}, {\""infoLines\"": [{\""line\"": 1011, \""text\"": {\""confidence\"": 100, \""value\"": \""FROZEN FOOD\""}, \""type\"": {\""confidence\"": 100, \""value\"": \""Category\""}}], \""line\"": 1012, \""price\"": {\""confidence\"": 99.90779876708984, \""value\"": 5.49}, \""price_postfix\"": \""F\"", \""qty\"": {\""confidence\"": 0, \""value\"": 1}, \""rsd\"": {\""confidence\"": 99.91110229492188, \""original_case_value\"": \""BCA CHX SPCY PAT\"", \""value\"": \""BCA CHX SPCY PAT\""}, \""totalPrice\"": {\""confidence\"": 0, \""value\"": 5.49}}, {\""line\"": 1013, \""price\"": {\""confidence\"": 93.83753204345703, \""value\"": 5.79}, \""price_postfix\"": \""F\"", \""qty\"": {\""confidence\"": 0, \""value\"": 1}, \""rsd\"": {\""confidence\"": 99.75459289550781, \""original_case_value\"": \""GRD BRKF SSG7.4Z\"", \""value\"": \""GRD BRKF SSG7.4Z\""}, \""totalPrice\"": {\""confidence\"": 0, \""value\"": 5.79}}, {\""line\"": 1016, \""price\"": {\""confidence\"": 99.91136169433594, \""value\"": 5.99}, \""price_postfix\"": \""F\"", \""qty\"": {\""confidence\"": 0, \""value\"": 1}, \""rsd\"": {\""confidence\"": 99.91252136230469, \""original_case_value\"": \""BEN&JERRY IC 16Z\"", \""value\"": \""BEN&JERRY IC 16Z\""}, \""totalPrice\"": {\""confidence\"": 0, \""value\"": 5.99}}, {\""infoLines\"": [{\""line\"": 1022, \""text\"": {\""confidence\"": 100, \""value\"": \""PRODUCE\""}, \""type\"": {\""confidence\"": 100, \""value\"": \""\""}}, {\""line\"": 1023, \""text\"": {\""confidence\"": 100, \""value\"": \""0.10 lb @ 2.99 /lb\""}, \""type\"": {\""confidence\"": 100, \""value\"": \""Weight\""}}], \""line\"": 1021, \""price\"": {\""confidence\"": 99.92375946044922, \""value\"": 0}, \""qty\"": {\""confidence\"": 0, \""value\"": 1}, \""rsd\"": {\""confidence\"": 99.9634780883789, \""original_case_value\"": \""MARKETPLACE\"", \""value\"": \""MARKETPLACE\""}, \""totalPrice\"": {\""confidence\"": 0, \""value\"": 0}}, {\""infoLines\"": [{\""line\"": 1023, \""text\"": {\""confidence\"": 100, \""value\"": \""0.10 lb @ 2.99 /lb\""}, \""type\"": {\""confidence\"": 100, \""value\"": \""Weight\""}}], \""line\"": 1024, \""price\"": {\""confidence\"": 0, \""value\"": 2.99}, \""price_postfix\"": \""F\"", \""qty\"": {\""confidence\"": 0, \""value\"": 0.1}, \""rsd\"": {\""confidence\"": 100, \""original_case_value\"": \""GREEN CUBANELLE\"", \""value\"": \""GREEN CUBANELLE\""}, \""rsd_prefix\"": \""WT \"", \""totalPrice\"": {\""confidence\"": 0, \""value\"": 0.3}, \""uom\"": {\""confidence\"": 0, \""value\"": \""lb\""}}, {\""line\"": 1025, \""price\"": {\""confidence\"": 99.71684265136719, \""value\"": 1.29}, \""price_postfix\"": \""F\"", \""qty\"": {\""confidence\"": 0, \""value\"": 1}, \""rsd\"": {\""confidence\"": 99.96707916259766, \""original_case_value\"": \""SB MICRO RST POT\"", \""value\"": \""SB MICRO RST POT\""}, \""totalPrice\"": {\""confidence\"": 0, \""value\"": 1.29}}, {\""line\"": 1028, \""price\"": {\""confidence\"": 99.86884307861328, \""value\"": 1.29}, \""price_postfix\"": \""F\"", \""qty\"": {\""confidence\"": 0, \""value\"": 1}, \""rsd\"": {\""confidence\"": 99.96006774902344, \""original_case_value\"": \""SB MICRO RST POT\"", \""value\"": \""SB MICRO RST POT\""}, \""totalPrice\"": {\""confidence\"": 0, \""value\"": 1.29}}, {\""infoLines\"": [{\""line\"": 1031, \""text\"": {\""confidence\"": 100, \""value\"": \""0.75 lb @ 2.39 /lb\""}, \""type\"": {\""confidence\"": 100, \""value\"": \""Weight\""}}, {\""line\"": 1033, \""text\"": {\""confidence\"": 100, \""value\"": \""1.20 lb @ 1.89 /lb\""}, \""type\"": {\""confidence\"": 100, \""value\"": \""Weight\""}}], \""line\"": 1032, \""price\"": {\""confidence\"": 0, \""value\"": 2.39}, \""price_postfix\"": \""F\"", \""qty\"": {\""confidence\"": 0, \""value\"": 0.75}, \""rsd\"": {\""confidence\"": 100, \""original_case_value\"": \""TOMATO ON VINE\"", \""value\"": \""TOMATO ON VINE\""}, \""rsd_prefix\"": \""WT \"", \""totalPrice\"": {\""confidence\"": 0, \""value\"": 1.79}, \""uom\"": {\""confidence\"": 0, \""value\"": \""lb\""}}, {\""infoLines\"": [{\""line\"": 1033, \""text\"": {\""confidence\"": 100, \""value\"": \""1.20 lb @ 1.89 /lb\""}, \""type\"": {\""confidence\"": 100, \""value\"": \""Weight\""}}], \""line\"": 1034, \""price\"": {\""confidence\"": 0, \""value\"": 1.89}, \""price_postfix\"": \""F\"", \""qty\"": {\""confidence\"": 0, \""value\"": 1.2}, \""rsd\"": {\""confidence\"": 100, \""original_case_value\"": \""ONION RED\"", \""value\"": \""ONION RED\""}, \""rsd_prefix\"": \""WT \"", \""totalPrice\"": {\""confidence\"": 0, \""value\"": 2.27}, \""uom\"": {\""confidence\"": 0, \""value\"": \""lb\""}}, {\""infoLines\"": [{\""line\"": 1036, \""text\"": {\""confidence\"": 100, \""value\"": \""2.17 lb @ 1.39 /lb\""}, \""type\"": {\""confidence\"": 100, \""value\"": \""Weight\""}}], \""line\"": 1035, \""price\"": {\""confidence\"": 99.90663146972656, \""value\"": 0.99}, \""price_postfix\"": \""F\"", \""qty\"": {\""confidence\"": 0, \""value\"": 1}, \""rsd\"": {\""confidence\"": 99.9594497680664, \""original_case_value\"": \""GARLIC\"", \""value\"": \""GARLIC\""}, \""totalPrice\"": {\""confidence\"": 0, \""value\"": 0.99}}, {\""infoLines\"": [{\""line\"": 1036, \""text\"": {\""confidence\"": 100, \""value\"": \""2.17 lb @ 1.39 /lb\""}, \""type\"": {\""confidence\"": 100, \""value\"": \""Weight\""}}], \""line\"": 1037, \""price\"": {\""confidence\"": 0, \""value\"": 1.39}, \""price_postfix\"": \""F\"", \""qty\"": {\""confidence\"": 0, \""value\"": 2.17}, \""rsd\"": {\""confidence\"": 100, \""original_case_value\"": \""POTATO SWEET\"", \""value\"": \""POTATO SWEET\""}, \""rsd_prefix\"": \""WT \"", \""totalPrice\"": {\""confidence\"": 0, \""value\"": 3.02}, \""uom\"": {\""confidence\"": 0, \""value\"": \""lb\""}}], \""purchase_type\"": \""In-Store\"", \""raw_basket\"": \""ELYSIAN 6PKNP 14.49 T\\nDP BTL/CAN DEPOSIT 0.60\\nFROZEN FOOD\\nBCA CHX SPCY PAT 5.49 F\\nGRD BRKF SSG7.4Z 5.79 F\\nSAVINGS 1.29-F\\nPRICE YOU PAY 4.50\\nBEN&JERRY IC 16Z 5.99 F\\nSAVINGS 2.00-F\\nPRICE YOU PAY 3.99\\nGROCERY\\n1 @ 0.00\\nMARKETPLACE 0.00\\nPRODUCE\\n0.10 lb @ 2.99 /lb\\nWT GREEN CUBANELLE 0.30 F\\nSB MICRO RST POT 1.29 F\\nSAVINGS 0.30-F\\nPRICE YOU PAY 0.99\\nSB MICRO RST POT 1.29 F\\nSAVINGS 0.30-F\\nPRICE YOU PAY 0.99\\n0.75 lb @ 2.39 /lb\\nWT TOMATO ON VINE 1.79 F\\n1.20 lb @ 1.89 /lb\\nWT ONION RED 2.27 F\\nGARLIC 0.99 F\\n2.17 lb @ 1.39 /lb\\nWT POTATO SWEET 3.02 F\\n\"", \""raw_text_array\"": [\""T HO\\n\\n150 WHALLEY AVENUE\\nNEW HAVEN, CT 06511\\nStore Telephone: (203) 503-0105\\n\\nStore #2633 09/06/24 09:16pm\\n\\nBEER AND WINE\\nELYSIAN 6PK NP 14.49 T\\nDP BTL/CAN DEPOSIT 0.60\\nFROZEN FOOD\\nBCA CHX SPCY PAT 5.49 F\\nGRD BRKF SSG7.4Z 5.79 F\\nSAVINGS 1.29-F\\nPRICE YOU PAY 4.50\\nBEN&JERRY IC 16Z 5.99 F\\nSAVINGS 2.00-F\\nPRICE YOU PAY 3.99\\nGROCERY\\n1 @ 0.00\\nMARKETPLACE 0.00\\nPRODUCE\\n0.10 lb @ 2.99 /lb\\nWT GREEN CUBANELLE 0.30 F\\nSB MICRO RST POT 1.29 F\\nSAVINGS 0.30-F\\nPRICE YOU PAY 0.99\\nSB MICRO RST POT 1.29 F\\nSAVINGS 0.30-F\\nPRICE YOU PAY 0.99\\n0.75 lb @ 2.39 /lb\\nWT TOMATO ON VINE 1.79 F\\n1.20 lb @ 1.89 /lb\\nWT ONION RED 2.27 F\\nGARLIC 0.99 F\\n2.17 lb @ 1.39 /lb\\nWT POTATO SWEET 3.02 F\\n\\n\\nTotal After Savings 39.42\\nTAX 0.92\\nTAX EXEMPTION 0.92-\\n**** BALANCE 39.42\\n**************************************\\nPayment Type: MASTERCARD\\nEMV CONTACTLESS Purchase\\nCard: ************9066\\nPayment Amt: $39.42\\nBALANCE: $\\nAID: A0000000041010\\nAUTH#911633 RC#00 09/06/24 09:18pm\\n*************************************\\nMASTERCARD 39.42\\nCHANGE 0.00\\nDate of Birth = xx/xx/xx KEYED\\nTOTAL NUMBER OF ITEMS SOLD = 12\\n\\n********* SAVINGS SUMMARY **********\\nCard Savings: 3.89\\nYour Total Savings: 3.89\\n\\n\\nTAX EXEMPT ID: ****************4545\\n\\n09/06/24 09:18pm 2633 5 168 140\\nCustomer 22******0001\\nwww.StopAndShop.com\\nThank you for shopping STOP & SHOP\\nBarry Fraser, Store Manager\\nBenreacia, Your Cashier\\n\\nHOW ARE WE DOING?\\nTell us in the next 5 days at\\nwww.talktostopandshop.com\\nUse the PIN # below to login\\n0906 2118 2653 3005 0168\\nAnd enter for a\\nChance to win $500*\\n\\n*Official Rules at customer service\\nor www.talktostopandshop.com/terms\\nOpen to CT MA NJ NY & RI residents 18+\\nNo Purch. Nec, Void where prohibited\\n\""], \""raw_trip_footer\"": \""Total After Savings 39.42\\nTAX 0.92\\nTAX EXEMPTION -0.92\\n**** BALANCE 39.42\\n**************************************\\nPayment Type: MASTERCARD\\nEMV CONTACTLESS Purchase\\nCard : ************9066\\nPayment Amt: $39.42\\nBALANCE: $\\nAID: A0000000041010\\nAUTH#911633 RC#00 09/06/24 09:18pm\\n*************************************\\nMASTERCARD 39.42\\nCHANGE 0.00\\nDate of Birth = xx/xx/xx KEYED\\nTOTAL NUMBER OF ITEMS SOLD = 12\\n********* SAVINGS SUMMARY **********\\nCard Savings: 3.89\\nYour Total Savings: 3.89\\nTAX EXEMPT ID: ****************4545\\n09/06/24 09:18pm 2633 5 168 140\\nCustomer 22******0001\\nwww.StopAndShop.com\\nThank you for shopping STOP & SHOP\\nBarry Fraser, Store Manager\\nBenreacia, Your Cashier\\nHOW ARE WE DOING?\\nTell us in the next 5 days at\\nwww.talktostopandshop.com\\nUse the PIN # below to login\\n0906 2118 2653 3005 0168\\nAnd enter for a\\nChance to win $500*\\n*Official Rules at customer service\\nor www.talktostopandshop.com/terms\\nOpen to CT MA NJ NY & RI residents 18+\\nNo Purch. Nec, Void where prohibited\\n\"", \""raw_trip_header\"": \""T HO\\n150 WHALLEY AVENUE\\nNEW HAVEN, CT 06511\\nStore Telephone : (203) 503-0105\\nStore #2633 09/06/24 09:16pm\\nBEER AND WINE\\n\"", \""register\"": {\""confidence\"": 99.98575592041016, \""value\"": \""168\""}, \""store\"": {\""confidence\"": 99.98575592041016, \""value\"": \""2633\""}, \""store_city\"": {\""confidence\"": 100, \""value\"": \""New Haven\""}, \""store_state\"": {\""confidence\"": 100, \""value\"": \""CT\""}, \""store_street\"": {\""confidence\"": 100, \""value\"": \""150 Whalley Avenue\""}, \""store_zip\"": {\""confidence\"": 100, \""value\"": \""06511\""}, \""subtotal\"": {\""confidence\"": 99.97100830078125, \""value\"": 39.42}, \""taxes\"": {\""confidence\"": 99.95130920410156, \""value\"": 0}, \""time\"": {\""confidence\"": 99.9745101928711, \""value\"": \""21:18\""}, \""total\"": {\""confidence\"": 95, \""value\"": 39.42}, \""transaction\"": {\""confidence\"": 99.98575592041016, \""value\"": \""140\""}, \""trip_confidence\"": 100, \""blink_receipt_id\"": \""b60b7517-afca-453c-8a28-f9d9cdbfe6d1\"", \""cashback\"": 0, \""image_urls\"": [\""https://img.cdn4dd.com/cdn-cgi/image/format=auto/https://doordash-static.s3.amazonaws.com/media/photosV2/21b4f891-0638-41a5-94cb-67cf4a1ea4fd-retina-large.jpeg\""], \""country_code\"": \""US\"", \""api_version\"": 14}""
  }
]"
"[
  {
    ""key"": ""unmatched_item_info"",
    ""value"": ""[]""
  },
  {
    ""key"": ""embedding_matching_df"",
    ""value"": ""{\""SEG WHIPPING CRM\"": {\""T-Bone Steaks (each)\"": 0.1663792720420153, \""SE Grocers Heavy Whipping Cream (16 oz)\"": 0.36718842958716996, \""Cheez-It Baked Snack Mix (0.75 oz x 12 ct)\"": 0.1737743342897312, \""Chek Soda Orange Cans (12 oz x 12 ct)\"": 0.1675699684657425, \""Canada Dry Ginger Ale Soda Cans (12 oz x 12 ct)\"": 0.13557961986087763, \""Bomb Pop Extremes Super Sour Strawberry Ice Pops (12 ct)\"": 0.18461762867354725, \""Lorna Doone Shortbread Cookies (1 oz x 10 ct)\"": 0.16115997181392708, \""Fruit Roll-Ups Jolly Rancher Assorted Fruit Flavor Rolls (0.5 oz x 10 ct)\"": 0.15686237287158467, \""SE Grocers Super Kaboom Ice Cream (48 oz)\"": 0.30279733294764827, \""Blue Bell Creameries Banana Pops (12 ct)\"": 0.14109563730477298, \""Domino Premium Pure Cane Dark Brown Sugar (16 oz)\"": 0.16807266295363482, \""Bag Fee\"": 0.0, \""Bottle Deposit aka CRV\"": 0.0, \""Unknown Item\"": 0.2064172406778047}, \""CD GINGER ALE\"": {\""T-Bone Steaks (each)\"": 0.14290377374658045, \""SE Grocers Heavy Whipping Cream (16 oz)\"": 0.2708141649502139, \""Cheez-It Baked Snack Mix (0.75 oz x 12 ct)\"": 0.2748175270113926, \""Chek Soda Orange Cans (12 oz x 12 ct)\"": 0.42195241721751736, \""Canada Dry Ginger Ale Soda Cans (12 oz x 12 ct)\"": 0.5694917442466703, \""Bomb Pop Extremes Super Sour Strawberry Ice Pops (12 ct)\"": 0.3132130381198022, \""Lorna Doone Shortbread Cookies (1 oz x 10 ct)\"": 0.2607705217486333, \""Fruit Roll-Ups Jolly Rancher Assorted Fruit Flavor Rolls (0.5 oz x 10 ct)\"": 0.26085752267173395, \""SE Grocers Super Kaboom Ice Cream (48 oz)\"": 0.3292533371185274, \""Blue Bell Creameries Banana Pops (12 ct)\"": 0.23761447693716875, \""Domino Premium Pure Cane Dark Brown Sugar (16 oz)\"": 0.2972687504300585, \""Bag Fee\"": 0.0, \""Bottle Deposit aka CRV\"": 0.0, \""Unknown Item\"": 0.19378614738635513}, \""CHEK SODA\"": {\""T-Bone Steaks (each)\"": 0.1587169215004234, \""SE Grocers Heavy Whipping Cream (16 oz)\"": 0.2502755646998828, \""Cheez-It Baked Snack Mix (0.75 oz x 12 ct)\"": 0.2755820282554547, \""Chek Soda Orange Cans (12 oz x 12 ct)\"": 0.6026192328348978, \""Canada Dry Ginger Ale Soda Cans (12 oz x 12 ct)\"": 0.39323516436783107, \""Bomb Pop Extremes Super Sour Strawberry Ice Pops (12 ct)\"": 0.2975085612634919, \""Lorna Doone Shortbread Cookies (1 oz x 10 ct)\"": 0.19944582682669132, \""Fruit Roll-Ups Jolly Rancher Assorted Fruit Flavor Rolls (0.5 oz x 10 ct)\"": 0.2297438151405677, \""SE Grocers Super Kaboom Ice Cream (48 oz)\"": 0.34173532161174286, \""Blue Bell Creameries Banana Pops (12 ct)\"": 0.19901036251230161, \""Domino Premium Pure Cane Dark Brown Sugar (16 oz)\"": 0.21794862389401332, \""Bag Fee\"": 0.0, \""Bottle Deposit aka CRV\"": 0.0, \""Unknown Item\"": 0.230898452645933}, \""T-BONE STEAK\"": {\""T-Bone Steaks (each)\"": 0.7071063473806717, \""SE Grocers Heavy Whipping Cream (16 oz)\"": 0.18165659265242304, \""Cheez-It Baked Snack Mix (0.75 oz x 12 ct)\"": 0.16162079451864245, \""Chek Soda Orange Cans (12 oz x 12 ct)\"": 0.14286362429944022, \""Canada Dry Ginger Ale Soda Cans (12 oz x 12 ct)\"": 0.09712944537381092, \""Bomb Pop Extremes Super Sour Strawberry Ice Pops (12 ct)\"": 0.1545914153163751, \""Lorna Doone Shortbread Cookies (1 oz x 10 ct)\"": 0.20101918213998712, \""Fruit Roll-Ups Jolly Rancher Assorted Fruit Flavor Rolls (0.5 oz x 10 ct)\"": 0.15179746815867967, \""SE Grocers Super Kaboom Ice Cream (48 oz)\"": 0.25793198200784667, \""Blue Bell Creameries Banana Pops (12 ct)\"": 0.20347403915408385, \""Domino Premium Pure Cane Dark Brown Sugar (16 oz)\"": 0.1775926913901384, \""Bag Fee\"": 0.0, \""Bottle Deposit aka CRV\"": 0.0, \""Unknown Item\"": 0.1816016528214143}, \""CHEEZIT SNACK MIX\"": {\""T-Bone Steaks (each)\"": 0.16322064004388886, \""SE Grocers Heavy Whipping Cream (16 oz)\"": 0.2688125021802593, \""Cheez-It Baked Snack Mix (0.75 oz x 12 ct)\"": 0.6867673890178992, \""Chek Soda Orange Cans (12 oz x 12 ct)\"": 0.36762553774056544, \""Canada Dry Ginger Ale Soda Cans (12 oz x 12 ct)\"": 0.27433740101106247, \""Bomb Pop Extremes Super Sour Strawberry Ice Pops (12 ct)\"": 0.2992157739270683, \""Lorna Doone Shortbread Cookies (1 oz x 10 ct)\"": 0.35571420755626487, \""Fruit Roll-Ups Jolly Rancher Assorted Fruit Flavor Rolls (0.5 oz x 10 ct)\"": 0.3589537439596212, \""SE Grocers Super Kaboom Ice Cream (48 oz)\"": 0.3367161446285354, \""Blue Bell Creameries Banana Pops (12 ct)\"": 0.29505560316204604, \""Domino Premium Pure Cane Dark Brown Sugar (16 oz)\"": 0.2380171246053103, \""Bag Fee\"": 0.0, \""Bottle Deposit aka CRV\"": 0.0, \""Unknown Item\"": 0.18584581434387423}, \""SEG ICE CREAM\"": {\""T-Bone Steaks (each)\"": 0.20945667465497989, \""SE Grocers Heavy Whipping Cream (16 oz)\"": 0.4756264992809236, \""Cheez-It Baked Snack Mix (0.75 oz x 12 ct)\"": 0.2720258813798665, \""Chek Soda Orange Cans (12 oz x 12 ct)\"": 0.29211818333344297, \""Canada Dry Ginger Ale Soda Cans (12 oz x 12 ct)\"": 0.2224703945810526, \""Bomb Pop Extremes Super Sour Strawberry Ice Pops (12 ct)\"": 0.341121142072404, \""Lorna Doone Shortbread Cookies (1 oz x 10 ct)\"": 0.2668061804609075, \""Fruit Roll-Ups Jolly Rancher Assorted Fruit Flavor Rolls (0.5 oz x 10 ct)\"": 0.24437292734295704, \""SE Grocers Super Kaboom Ice Cream (48 oz)\"": 0.582186966779644, \""Blue Bell Creameries Banana Pops (12 ct)\"": 0.3866783731305642, \""Domino Premium Pure Cane Dark Brown Sugar (16 oz)\"": 0.23108521879384436, \""Bag Fee\"": 0.0, \""Bottle Deposit aka CRV\"": 0.0, \""Unknown Item\"": 0.19381661449387433}, \""BOMB POP XTRM SOUR\"": {\""T-Bone Steaks (each)\"": 0.17263532540805301, \""SE Grocers Heavy Whipping Cream (16 oz)\"": 0.2248073052132766, \""Cheez-It Baked Snack Mix (0.75 oz x 12 ct)\"": 0.30488358413178074, \""Chek Soda Orange Cans (12 oz x 12 ct)\"": 0.32930386182963617, \""Canada Dry Ginger Ale Soda Cans (12 oz x 12 ct)\"": 0.27593687662986643, \""Bomb Pop Extremes Super Sour Strawberry Ice Pops (12 ct)\"": 0.7029940156763754, \""Lorna Doone Shortbread Cookies (1 oz x 10 ct)\"": 0.23998819222098933, \""Fruit Roll-Ups Jolly Rancher Assorted Fruit Flavor Rolls (0.5 oz x 10 ct)\"": 0.4271609953292399, \""SE Grocers Super Kaboom Ice Cream (48 oz)\"": 0.465248167067643, \""Blue Bell Creameries Banana Pops (12 ct)\"": 0.41534985505715466, \""Domino Premium Pure Cane Dark Brown Sugar (16 oz)\"": 0.2504764787481712, \""Bag Fee\"": 0.0, \""Bottle Deposit aka CRV\"": 0.0, \""Unknown Item\"": 0.23120364375235986}, \""BLUE BELL POPS\"": {\""T-Bone Steaks (each)\"": 0.1926950157110433, \""SE Grocers Heavy Whipping Cream (16 oz)\"": 0.29156420966294516, \""Cheez-It Baked Snack Mix (0.75 oz x 12 ct)\"": 0.2515907858965058, \""Chek Soda Orange Cans (12 oz x 12 ct)\"": 0.25979864776605266, \""Canada Dry Ginger Ale Soda Cans (12 oz x 12 ct)\"": 0.2155133723298693, \""Bomb Pop Extremes Super Sour Strawberry Ice Pops (12 ct)\"": 0.4663581747770549, \""Lorna Doone Shortbread Cookies (1 oz x 10 ct)\"": 0.28537235689281587, \""Fruit Roll-Ups Jolly Rancher Assorted Fruit Flavor Rolls (0.5 oz x 10 ct)\"": 0.31393684436537916, \""SE Grocers Super Kaboom Ice Cream (48 oz)\"": 0.4332578059436863, \""Blue Bell Creameries Banana Pops (12 ct)\"": 0.6164579608143448, \""Domino Premium Pure Cane Dark Brown Sugar (16 oz)\"": 0.2355968404064309, \""Bag Fee\"": 0.0, \""Bottle Deposit aka CRV\"": 0.0, \""Unknown Item\"": 0.17158309627852752}, \""DOMINO SUGAR\"": {\""T-Bone Steaks (each)\"": 0.16686263512183552, \""SE Grocers Heavy Whipping Cream (16 oz)\"": 0.334460567362922, \""Cheez-It Baked Snack Mix (0.75 oz x 12 ct)\"": 0.2291750239722573, \""Chek Soda Orange Cans (12 oz x 12 ct)\"": 0.29485818829689286, \""Canada Dry Ginger Ale Soda Cans (12 oz x 12 ct)\"": 0.31018687334031875, \""Bomb Pop Extremes Super Sour Strawberry Ice Pops (12 ct)\"": 0.25556167170427846, \""Lorna Doone Shortbread Cookies (1 oz x 10 ct)\"": 0.3287346219129458, \""Fruit Roll-Ups Jolly Rancher Assorted Fruit Flavor Rolls (0.5 oz x 10 ct)\"": 0.24677885710832492, \""SE Grocers Super Kaboom Ice Cream (48 oz)\"": 0.3578859152312474, \""Blue Bell Creameries Banana Pops (12 ct)\"": 0.27262351747756647, \""Domino Premium Pure Cane Dark Brown Sugar (16 oz)\"": 0.661730321615038, \""Bag Fee\"": 0.0, \""Bottle Deposit aka CRV\"": 0.0, \""Unknown Item\"": 0.19325962414397244}, \""NABISCO COOKIES\"": {\""T-Bone Steaks (each)\"": 0.22274097656858904, \""SE Grocers Heavy Whipping Cream (16 oz)\"": 0.2874713802615083, \""Cheez-It Baked Snack Mix (0.75 oz x 12 ct)\"": 0.40282037851406394, \""Chek Soda Orange Cans (12 oz x 12 ct)\"": 0.32312453128659996, \""Canada Dry Ginger Ale Soda Cans (12 oz x 12 ct)\"": 0.27876606780575697, \""Bomb Pop Extremes Super Sour Strawberry Ice Pops (12 ct)\"": 0.27149336005105623, \""Lorna Doone Shortbread Cookies (1 oz x 10 ct)\"": 0.4786440383853831, \""Fruit Roll-Ups Jolly Rancher Assorted Fruit Flavor Rolls (0.5 oz x 10 ct)\"": 0.3025967985965592, \""SE Grocers Super Kaboom Ice Cream (48 oz)\"": 0.36804464833842665, \""Blue Bell Creameries Banana Pops (12 ct)\"": 0.33845073319113916, \""Domino Premium Pure Cane Dark Brown Sugar (16 oz)\"": 0.3085693243087097, \""Bag Fee\"": 0.0, \""Bottle Deposit aka CRV\"": 0.0, \""Unknown Item\"": 0.1855092935227395}, \""FRUIT ROLL-UPS\"": {\""T-Bone Steaks (each)\"": 0.20776734392871682, \""SE Grocers Heavy Whipping Cream (16 oz)\"": 0.22234656806613293, \""Cheez-It Baked Snack Mix (0.75 oz x 12 ct)\"": 0.3521985997506773, \""Chek Soda Orange Cans (12 oz x 12 ct)\"": 0.28559769388314904, \""Canada Dry Ginger Ale Soda Cans (12 oz x 12 ct)\"": 0.22363391322279916, \""Bomb Pop Extremes Super Sour Strawberry Ice Pops (12 ct)\"": 0.41569197894693993, \""Lorna Doone Shortbread Cookies (1 oz x 10 ct)\"": 0.33845032480901227, \""Fruit Roll-Ups Jolly Rancher Assorted Fruit Flavor Rolls (0.5 oz x 10 ct)\"": 0.6872727299903671, \""SE Grocers Super Kaboom Ice Cream (48 oz)\"": 0.3428552410859773, \""Blue Bell Creameries Banana Pops (12 ct)\"": 0.35833397603719525, \""Domino Premium Pure Cane Dark Brown Sugar (16 oz)\"": 0.24531256837903623, \""Bag Fee\"": 0.0, \""Bottle Deposit aka CRV\"": 0.0, \""Unknown Item\"": 0.18620383083012185}, \""Unknown Item\"": {\""T-Bone Steaks (each)\"": 0.18310636310159978, \""SE Grocers Heavy Whipping Cream (16 oz)\"": 0.1567445776599641, \""Cheez-It Baked Snack Mix (0.75 oz x 12 ct)\"": 0.1992727590838239, \""Chek Soda Orange Cans (12 oz x 12 ct)\"": 0.1495497147409036, \""Canada Dry Ginger Ale Soda Cans (12 oz x 12 ct)\"": 0.11223431314342851, \""Bomb Pop Extremes Super Sour Strawberry Ice Pops (12 ct)\"": 0.19397278472437737, \""Lorna Doone Shortbread Cookies (1 oz x 10 ct)\"": 0.17229221462452213, \""Fruit Roll-Ups Jolly Rancher Assorted Fruit Flavor Rolls (0.5 oz x 10 ct)\"": 0.19507586576202016, \""SE Grocers Super Kaboom Ice Cream (48 oz)\"": 0.2239762508415837, \""Blue Bell Creameries Banana Pops (12 ct)\"": 0.17584888978955565, \""Domino Premium Pure Cane Dark Brown Sugar (16 oz)\"": 0.15598737496407977, \""Bag Fee\"": 0.30048564178554676, \""Bottle Deposit aka CRV\"": 0.21780083580756754, \""Unknown Item\"": 0.9990000776809496}}""
  },
  {
    ""key"": ""total_amount"",
    ""value"": ""{\""money\"": {\""unit_amount\"": 6977, \""currency\"": \""USD\"", \""display_string\"": \""None69.77\"", \""decimal_places\"": 2, \""sign\"": null, \""symbol\"": null}, \""confidence_score\"": 1.0}""
  },
  {
    ""key"": ""discount_amount"",
    ""value"": ""{\""money\"": {\""unit_amount\"": 0, \""currency\"": \""USD\"", \""display_string\"": \""None0.00\"", \""decimal_places\"": 2, \""sign\"": null, \""symbol\"": null}, \""confidence_score\"": 1.0}""
  },
  {
    ""key"": ""business_id"",
    ""value"": ""929620""
  },
  {
    ""key"": ""subtotal_amount"",
    ""value"": ""{\""money\"": {\""unit_amount\"": 6977, \""currency\"": \""USD\"", \""display_string\"": \""None69.77\"", \""decimal_places\"": 2, \""sign\"": null, \""symbol\"": null}, \""confidence_score\"": 1.0}""
  },
  {
    ""key"": ""tax_confidence_score"",
    ""value"": ""1.0""
  },
  {
    ""key"": ""matched_item_info"",
    ""value"": ""[{\""merchant_supplied_id\"": \""0003825911088\"", \""display_name\"": \""SE Grocers Heavy Whipping Cream (16 oz)\"", \""ocr_description\"": \""SEG WHIPPING CRM\"", \""quantity\"": {\""value\"": 1.0}, \""price_per_unit\"": {\""unit_amount\"": 389, \""currency\"": \""USD\"", \""display_string\"": \""None3.89\"", \""decimal_places\"": 2, \""sign\"": null, \""symbol\"": null}, \""item_price\"": {\""unit_amount\"": 389, \""currency\"": \""USD\"", \""display_string\"": \""None3.89\"", \""decimal_places\"": 2, \""sign\"": null, \""symbol\"": null}, \""non_discount_price_per_unit\"": {\""unit_amount\"": 0, \""currency\"": \""USD\"", \""display_string\"": \""None0.00\"", \""decimal_places\"": 2, \""sign\"": null, \""symbol\"": null}, \""non_discount_item_price\"": {\""unit_amount\"": 0, \""currency\"": \""USD\"", \""display_string\"": \""None0.00\"", \""decimal_places\"": 2, \""sign\"": null, \""symbol\"": null}, \""sold_by_weight\"": false, \""confidence_score\"": 1.0}, {\""merchant_supplied_id\"": \""0002114061440\"", \""display_name\"": \""Canada Dry Ginger Ale Soda Cans (12 oz x 12 ct)\"", \""ocr_description\"": \""CD GINGER ALE\"", \""quantity\"": {\""value\"": 2.0}, \""price_per_unit\"": {\""unit_amount\"": 919, \""currency\"": \""USD\"", \""display_string\"": \""None9.19\"", \""decimal_places\"": 2, \""sign\"": null, \""symbol\"": null}, \""item_price\"": {\""unit_amount\"": 1838, \""currency\"": \""USD\"", \""display_string\"": \""None18.38\"", \""decimal_places\"": 2, \""sign\"": null, \""symbol\"": null}, \""non_discount_price_per_unit\"": {\""unit_amount\"": 0, \""currency\"": \""USD\"", \""display_string\"": \""None0.00\"", \""decimal_places\"": 2, \""sign\"": null, \""symbol\"": null}, \""non_discount_item_price\"": {\""unit_amount\"": 0, \""currency\"": \""USD\"", \""display_string\"": \""None0.00\"", \""decimal_places\"": 2, \""sign\"": null, \""symbol\"": null}, \""sold_by_weight\"": false, \""confidence_score\"": 1.0}, {\""merchant_supplied_id\"": \""0002114061704\"", \""display_name\"": \""Chek Soda Orange Cans (12 oz x 12 ct)\"", \""ocr_description\"": \""CHEK SODA\"", \""quantity\"": {\""value\"": 1.0}, \""price_per_unit\"": {\""unit_amount\"": 429, \""currency\"": \""USD\"", \""display_string\"": \""None4.29\"", \""decimal_places\"": 2, \""sign\"": null, \""symbol\"": null}, \""item_price\"": {\""unit_amount\"": 429, \""currency\"": \""USD\"", \""display_string\"": \""None4.29\"", \""decimal_places\"": 2, \""sign\"": null, \""symbol\"": null}, \""non_discount_price_per_unit\"": {\""unit_amount\"": 0, \""currency\"": \""USD\"", \""display_string\"": \""None0.00\"", \""decimal_places\"": 2, \""sign\"": null, \""symbol\"": null}, \""non_discount_item_price\"": {\""unit_amount\"": 0, \""currency\"": \""USD\"", \""display_string\"": \""None0.00\"", \""decimal_places\"": 2, \""sign\"": null, \""symbol\"": null}, \""sold_by_weight\"": false, \""confidence_score\"": 1.0}, {\""merchant_supplied_id\"": \""0028256400000\"", \""display_name\"": \""T-Bone Steaks (each)\"", \""ocr_description\"": \""T-BONE STEAK\"", \""quantity\"": {\""value\"": 1.28}, \""price_per_unit\"": {\""unit_amount\"": 749, \""currency\"": \""USD\"", \""display_string\"": \""None7.49\"", \""decimal_places\"": 2, \""sign\"": null, \""symbol\"": null}, \""item_price\"": {\""unit_amount\"": 959, \""currency\"": \""USD\"", \""display_string\"": \""None9.59\"", \""decimal_places\"": 2, \""sign\"": null, \""symbol\"": null}, \""non_discount_price_per_unit\"": {\""unit_amount\"": 0, \""currency\"": \""USD\"", \""display_string\"": \""None0.00\"", \""decimal_places\"": 2, \""sign\"": null, \""symbol\"": null}, \""non_discount_item_price\"": {\""unit_amount\"": 0, \""currency\"": \""USD\"", \""display_string\"": \""None0.00\"", \""decimal_places\"": 2, \""sign\"": null, \""symbol\"": null}, \""sold_by_weight\"": true, \""confidence_score\"": 1.0}, {\""merchant_supplied_id\"": \""0002410011720\"", \""display_name\"": \""Cheez-It Baked Snack Mix (0.75 oz x 12 ct)\"", \""ocr_description\"": \""CHEEZIT SNACK MIX\"", \""quantity\"": {\""value\"": 1.0}, \""price_per_unit\"": {\""unit_amount\"": 599, \""currency\"": \""USD\"", \""display_string\"": \""None5.99\"", \""decimal_places\"": 2, \""sign\"": null, \""symbol\"": null}, \""item_price\"": {\""unit_amount\"": 599, \""currency\"": \""USD\"", \""display_string\"": \""None5.99\"", \""decimal_places\"": 2, \""sign\"": null, \""symbol\"": null}, \""non_discount_price_per_unit\"": {\""unit_amount\"": 0, \""currency\"": \""USD\"", \""display_string\"": \""None0.00\"", \""decimal_places\"": 2, \""sign\"": null, \""symbol\"": null}, \""non_discount_item_price\"": {\""unit_amount\"": 0, \""currency\"": \""USD\"", \""display_string\"": \""None0.00\"", \""decimal_places\"": 2, \""sign\"": null, \""symbol\"": null}, \""sold_by_weight\"": false, \""confidence_score\"": 1.0}, {\""merchant_supplied_id\"": \""0003825913577\"", \""display_name\"": \""SE Grocers Super Kaboom Ice Cream (48 oz)\"", \""ocr_description\"": \""SEG ICE CREAM\"", \""quantity\"": {\""value\"": 1.0}, \""price_per_unit\"": {\""unit_amount\"": 349, \""currency\"": \""USD\"", \""display_string\"": \""None3.49\"", \""decimal_places\"": 2, \""sign\"": null, \""symbol\"": null}, \""item_price\"": {\""unit_amount\"": 349, \""currency\"": \""USD\"", \""display_string\"": \""None3.49\"", \""decimal_places\"": 2, \""sign\"": null, \""symbol\"": null}, \""non_discount_price_per_unit\"": {\""unit_amount\"": 0, \""currency\"": \""USD\"", \""display_string\"": \""None0.00\"", \""decimal_places\"": 2, \""sign\"": null, \""symbol\"": null}, \""non_discount_item_price\"": {\""unit_amount\"": 0, \""currency\"": \""USD\"", \""display_string\"": \""None0.00\"", \""decimal_places\"": 2, \""sign\"": null, \""symbol\"": null}, \""sold_by_weight\"": false, \""confidence_score\"": 1.0}, {\""merchant_supplied_id\"": \""0007064002445\"", \""display_name\"": \""Bomb Pop Extremes Super Sour Strawberry Ice Pops (12 ct)\"", \""ocr_description\"": \""BOMB POP XTRM SOUR\"", \""quantity\"": {\""value\"": 1.0}, \""price_per_unit\"": {\""unit_amount\"": 449, \""currency\"": \""USD\"", \""display_string\"": \""None4.49\"", \""decimal_places\"": 2, \""sign\"": null, \""symbol\"": null}, \""item_price\"": {\""unit_amount\"": 449, \""currency\"": \""USD\"", \""display_string\"": \""None4.49\"", \""decimal_places\"": 2, \""sign\"": null, \""symbol\"": null}, \""non_discount_price_per_unit\"": {\""unit_amount\"": 0, \""currency\"": \""USD\"", \""display_string\"": \""None0.00\"", \""decimal_places\"": 2, \""sign\"": null, \""symbol\"": null}, \""non_discount_item_price\"": {\""unit_amount\"": 0, \""currency\"": \""USD\"", \""display_string\"": \""None0.00\"", \""decimal_places\"": 2, \""sign\"": null, \""symbol\"": null}, \""sold_by_weight\"": false, \""confidence_score\"": 1.0}, {\""merchant_supplied_id\"": \""0007189962433\"", \""display_name\"": \""Blue Bell Creameries Banana Pops (12 ct)\"", \""ocr_description\"": \""BLUE BELL POPS\"", \""quantity\"": {\""value\"": 1.0}, \""price_per_unit\"": {\""unit_amount\"": 549, \""currency\"": \""USD\"", \""display_string\"": \""None5.49\"", \""decimal_places\"": 2, \""sign\"": null, \""symbol\"": null}, \""item_price\"": {\""unit_amount\"": 549, \""currency\"": \""USD\"", \""display_string\"": \""None5.49\"", \""decimal_places\"": 2, \""sign\"": null, \""symbol\"": null}, \""non_discount_price_per_unit\"": {\""unit_amount\"": 0, \""currency\"": \""USD\"", \""display_string\"": \""None0.00\"", \""decimal_places\"": 2, \""sign\"": null, \""symbol\"": null}, \""non_discount_item_price\"": {\""unit_amount\"": 0, \""currency\"": \""USD\"", \""display_string\"": \""None0.00\"", \""decimal_places\"": 2, \""sign\"": null, \""symbol\"": null}, \""sold_by_weight\"": false, \""confidence_score\"": 1.0}, {\""merchant_supplied_id\"": \""0004920005600\"", \""display_name\"": \""Domino Premium Pure Cane Dark Brown Sugar (16 oz)\"", \""ocr_description\"": \""DOMINO SUGAR\"", \""quantity\"": {\""value\"": 2.0}, \""price_per_unit\"": {\""unit_amount\"": 189, \""currency\"": \""USD\"", \""display_string\"": \""None1.89\"", \""decimal_places\"": 2, \""sign\"": null, \""symbol\"": null}, \""item_price\"": {\""unit_amount\"": 378, \""currency\"": \""USD\"", \""display_string\"": \""None3.78\"", \""decimal_places\"": 2, \""sign\"": null, \""symbol\"": null}, \""non_discount_price_per_unit\"": {\""unit_amount\"": 0, \""currency\"": \""USD\"", \""display_string\"": \""None0.00\"", \""decimal_places\"": 2, \""sign\"": null, \""symbol\"": null}, \""non_discount_item_price\"": {\""unit_amount\"": 0, \""currency\"": \""USD\"", \""display_string\"": \""None0.00\"", \""decimal_places\"": 2, \""sign\"": null, \""symbol\"": null}, \""sold_by_weight\"": false, \""confidence_score\"": 1.0}, {\""merchant_supplied_id\"": \""0004400000335\"", \""display_name\"": \""Lorna Doone Shortbread Cookies (1 oz x 10 ct)\"", \""ocr_description\"": \""NABISCO COOKIES\"", \""quantity\"": {\""value\"": 1.0}, \""price_per_unit\"": {\""unit_amount\"": 599, \""currency\"": \""USD\"", \""display_string\"": \""None5.99\"", \""decimal_places\"": 2, \""sign\"": null, \""symbol\"": null}, \""item_price\"": {\""unit_amount\"": 599, \""currency\"": \""USD\"", \""display_string\"": \""None5.99\"", \""decimal_places\"": 2, \""sign\"": null, \""symbol\"": null}, \""non_discount_price_per_unit\"": {\""unit_amount\"": 0, \""currency\"": \""USD\"", \""display_string\"": \""None0.00\"", \""decimal_places\"": 2, \""sign\"": null, \""symbol\"": null}, \""non_discount_item_price\"": {\""unit_amount\"": 0, \""currency\"": \""USD\"", \""display_string\"": \""None0.00\"", \""decimal_places\"": 2, \""sign\"": null, \""symbol\"": null}, \""sold_by_weight\"": false, \""confidence_score\"": 1.0}, {\""merchant_supplied_id\"": \""0001600015243\"", \""display_name\"": \""Fruit Roll-Ups Jolly Rancher Assorted Fruit Flavor Rolls (0.5 oz x 10 ct)\"", \""ocr_description\"": \""FRUIT ROLL-UPS\"", \""quantity\"": {\""value\"": 1.0}, \""price_per_unit\"": {\""unit_amount\"": 439, \""currency\"": \""USD\"", \""display_string\"": \""None4.39\"", \""decimal_places\"": 2, \""sign\"": null, \""symbol\"": null}, \""item_price\"": {\""unit_amount\"": 439, \""currency\"": \""USD\"", \""display_string\"": \""None4.39\"", \""decimal_places\"": 2, \""sign\"": null, \""symbol\"": null}, \""non_discount_price_per_unit\"": {\""unit_amount\"": 0, \""currency\"": \""USD\"", \""display_string\"": \""None0.00\"", \""decimal_places\"": 2, \""sign\"": null, \""symbol\"": null}, \""non_discount_item_price\"": {\""unit_amount\"": 0, \""currency\"": \""USD\"", \""display_string\"": \""None0.00\"", \""decimal_places\"": 2, \""sign\"": null, \""symbol\"": null}, \""sold_by_weight\"": false, \""confidence_score\"": 1.0}]""
  },
  {
    ""key"": ""bag_fee_info"",
    ""value"": ""{\""quantity\"": {\""value\"": 0}, \""price_per_unit\"": {\""unit_amount\"": 0, \""currency\"": \""USD\"", \""display_string\"": \""None0.00\"", \""decimal_places\"": 2, \""sign\"": null, \""symbol\"": null}, \""item_price\"": {\""unit_amount\"": 0, \""currency\"": \""USD\"", \""display_string\"": \""None0.00\"", \""decimal_places\"": 2, \""sign\"": null, \""symbol\"": null}, \""confidence_score\"": 1.0}""
  },
  {
    ""key"": ""blink_items_df"",
    ""value"": ""{\""ocr_description\"": {\""0\"": \""SEG WHIPPING CRM\"", \""1\"": \""CD GINGER ALE\"", \""2\"": \""CHEK SODA\"", \""3\"": \""T-BONE STEAK\"", \""4\"": \""CHEEZIT SNACK MIX\"", \""5\"": \""SEG ICE CREAM\"", \""6\"": \""BOMB POP XTRM SOUR\"", \""7\"": \""BLUE BELL POPS\"", \""8\"": \""DOMINO SUGAR\"", \""9\"": \""NABISCO COOKIES\"", \""10\"": \""FRUIT ROLL-UPS\"", \""11\"": \""discount_cents\"", \""12\"": \""subtotal_cents\"", \""13\"": \""total_tax_cents\"", \""14\"": \""total_cents\""}, \""quantity\"": {\""0\"": 1.0, \""1\"": 2.0, \""2\"": 1.0, \""3\"": 1.28, \""4\"": 1.0, \""5\"": 1.0, \""6\"": 1.0, \""7\"": 1.0, \""8\"": 2.0, \""9\"": 1.0, \""10\"": 1.0, \""11\"": NaN, \""12\"": NaN, \""13\"": NaN, \""14\"": NaN}, \""price_per_unit_cents\"": {\""0\"": 389.0, \""1\"": 919.0, \""2\"": 429.0, \""3\"": 749.0, \""4\"": 599.0, \""5\"": 349.0, \""6\"": 449.0, \""7\"": 549.0, \""8\"": 189.0, \""9\"": 599.0, \""10\"": 439.0, \""11\"": NaN, \""12\"": NaN, \""13\"": NaN, \""14\"": NaN}, \""item_price_cents\"": {\""0\"": 389, \""1\"": 1838, \""2\"": 429, \""3\"": 959, \""4\"": 599, \""5\"": 349, \""6\"": 449, \""7\"": 549, \""8\"": 378, \""9\"": 599, \""10\"": 439, \""11\"": 0, \""12\"": 6977, \""13\"": 0, \""14\"": 6977}}""
  },
  {
    ""key"": ""input_swipe_amount"",
    ""value"": ""6977""
  },
  {
    ""key"": ""is_legible"",
    ""value"": ""true""
  },
  {
    ""key"": ""input_item_info"",
    ""value"": ""[{\""merchant_supplied_id\"": \""0028256400000\"", \""display_name\"": \""T-Bone Steaks (each)\"", \""scanned_barcode\"": null}, {\""merchant_supplied_id\"": \""0003825911088\"", \""display_name\"": \""SE Grocers Heavy Whipping Cream (16 oz)\"", \""scanned_barcode\"": null}, {\""merchant_supplied_id\"": \""0002410011720\"", \""display_name\"": \""Cheez-It Baked Snack Mix (0.75 oz x 12 ct)\"", \""scanned_barcode\"": null}, {\""merchant_supplied_id\"": \""0002114061704\"", \""display_name\"": \""Chek Soda Orange Cans (12 oz x 12 ct)\"", \""scanned_barcode\"": null}, {\""merchant_supplied_id\"": \""0002114061440\"", \""display_name\"": \""Canada Dry Ginger Ale Soda Cans (12 oz x 12 ct)\"", \""scanned_barcode\"": null}, {\""merchant_supplied_id\"": \""0007064002445\"", \""display_name\"": \""Bomb Pop Extremes Super Sour Strawberry Ice Pops (12 ct)\"", \""scanned_barcode\"": null}, {\""merchant_supplied_id\"": \""0004400000335\"", \""display_name\"": \""Lorna Doone Shortbread Cookies (1 oz x 10 ct)\"", \""scanned_barcode\"": null}, {\""merchant_supplied_id\"": \""0001600015243\"", \""display_name\"": \""Fruit Roll-Ups Jolly Rancher Assorted Fruit Flavor Rolls (0.5 oz x 10 ct)\"", \""scanned_barcode\"": null}, {\""merchant_supplied_id\"": \""0003825913577\"", \""display_name\"": \""SE Grocers Super Kaboom Ice Cream (48 oz)\"", \""scanned_barcode\"": null}, {\""merchant_supplied_id\"": \""0007189962433\"", \""display_name\"": \""Blue Bell Creameries Banana Pops (12 ct)\"", \""scanned_barcode\"": {\""code\"": \""071899624332\"", \""format\"": \""UPCA\""}}, {\""merchant_supplied_id\"": \""0004920005600\"", \""display_name\"": \""Domino Premium Pure Cane Dark Brown Sugar (16 oz)\"", \""scanned_barcode\"": {\""code\"": \""049200056004\"", \""format\"": \""UPCA\""}}]""
  },
  {
    ""key"": ""url"",
    ""value"": ""\""https://img.cdn4dd.com/cdn-cgi/image/format=auto/https://doordash-static.s3.amazonaws.com/media/photosV2/49f6158d-30d5-4910-a6af-92c50dc5b980-retina-large.jpeg\""""
  },
  {
    ""key"": ""sanity_checks"",
    ""value"": ""{\""swipe_match\"": true, \""subtotal_match\"": true, \""tax_match\"": true, \""items_length_match\"": true, \""ok_ocr_name_deduping\"": true, \""item_price_reasonableness\"": true, \""weights_look_ok\"": true, \""bag_fee_max_price\"": true, \""bottle_fee_max_price\"": true, \""bag_fee_max_count\"": true, \""bottle_fee_max_count\"": true, \""tax_vs_subtotal_sanity_check\"": true, \""has_no_unknown_items\"": true, \""has_no_missing_items\"": true, \""delivery_discounts_are_nonzero\"": true}""
  },
  {
    ""key"": ""bottle_fee_info"",
    ""value"": ""{\""quantity\"": {\""value\"": 0}, \""price_per_unit\"": {\""unit_amount\"": 0, \""currency\"": \""USD\"", \""display_string\"": \""None0.00\"", \""decimal_places\"": 2, \""sign\"": null, \""symbol\"": null}, \""item_price\"": {\""unit_amount\"": 0, \""currency\"": \""USD\"", \""display_string\"": \""None0.00\"", \""decimal_places\"": 2, \""sign\"": null, \""symbol\"": null}, \""confidence_score\"": 1.0}""
  },
  {
    ""key"": ""delivery_uuid"",
    ""value"": ""\""a58b9428-e5d7-3001-ace0-127fad70fa06\""""
  },
  {
    ""key"": ""missing_item_info"",
    ""value"": ""[]""
  },
  {
    ""key"": ""tax_amount"",
    ""value"": ""{\""money\"": {\""unit_amount\"": 0, \""currency\"": \""USD\"", \""display_string\"": \""None0.00\"", \""decimal_places\"": 2, \""sign\"": null, \""symbol\"": null}, \""confidence_score\"": 1.0}""
  },
  {
    ""key"": ""confidence_score"",
    ""value"": ""1.0""
  },
  {
    ""key"": ""raw_blink_receipt"",
    ""value"": ""{\""banner_id\"": 141, \""barcode\"": \""44240908250300400652298013700000\"", \""channel\"": {\""confidence\"": 100, \""value\"": \""Food\""}, \""date\"": {\""confidence\"": 99.9892807006836, \""value\"": \""09/08/2024\""}, \""isDigital\"": false, \""isFraudulent\"": false, \""is_blurry\"": false, \""is_instacart_shopper\"": false, \""is_receipt\"": true, \""is_screen\"": false, \""item_confidence\"": 99, \""last4cc\"": {\""confidence\"": 99.98941040039062, \""value\"": \""9184\""}, \""merchant_confidence\"": 95, \""merchant_name\"": \""BI-LO\"", \""ocr_confidence\"": 97.64273071289062, \""paymentMethods\"": [{\""amount\"": {\""confidence\"": 0, \""value\"": 69.77}, \""cardType\"": {\""confidence\"": 100, \""value\"": \""Mastercard\""}, \""method\"": {\""confidence\"": 99.9921646118164, \""value\"": \""Credit\""}}], \""phones\"": [{\""confidence\"": 99.99039459228516, \""value\"": \""813-994-5570\""}], \""products\"": [{\""line\"": 1010, \""price\"": {\""confidence\"": 100, \""value\"": 3.89}, \""price_postfix\"": \""F\"", \""qty\"": {\""confidence\"": 0, \""value\"": 1}, \""rsd\"": {\""confidence\"": 100, \""original_case_value\"": \""SEG Whipping Cream\"", \""value\"": \""SEG WHIPPING CRM\""}, \""totalPrice\"": {\""confidence\"": 0, \""value\"": 3.89}}, {\""line\"": 1011, \""price\"": {\""confidence\"": 99.9849624633789, \""value\"": 9.19}, \""price_postfix\"": \""B\"", \""qty\"": {\""confidence\"": 0, \""value\"": 2}, \""rsd\"": {\""confidence\"": 99.9849624633789, \""original_case_value\"": \""CD Ginger Ale\"", \""value\"": \""CD GINGER ALE\""}, \""totalPrice\"": {\""confidence\"": 0, \""value\"": 18.38}}, {\""line\"": 1012, \""price\"": {\""confidence\"": 100, \""value\"": 4.29}, \""price_postfix\"": \""B\"", \""qty\"": {\""confidence\"": 0, \""value\"": 1}, \""rsd\"": {\""confidence\"": 99.98011016845703, \""original_case_value\"": \""Chek Soda\"", \""value\"": \""CHEK SODA\""}, \""totalPrice\"": {\""confidence\"": 0, \""value\"": 4.29}}, {\""infoLines\"": [{\""line\"": 1014, \""text\"": {\""confidence\"": 100, \""value\"": \""1.28 lbs @ $7.49/lb\""}, \""type\"": {\""confidence\"": 100, \""value\"": \""Weight\""}}, {\""line\"": 1015, \""text\"": {\""confidence\"": 100, \""value\"": \""You save ($7.68)\""}, \""type\"": {\""confidence\"": 100, \""value\"": \""\""}}], \""line\"": 1013, \""price\"": {\""confidence\"": 0, \""value\"": 7.49}, \""price_postfix\"": \""F\"", \""qty\"": {\""confidence\"": 0, \""value\"": 1.28}, \""rsd\"": {\""confidence\"": 100, \""original_case_value\"": \""T-Bone Steak\"", \""value\"": \""T-BONE STEAK\""}, \""totalPrice\"": {\""confidence\"": 0, \""value\"": 9.59}, \""uom\"": {\""confidence\"": 0, \""value\"": \""lb\""}}, {\""infoLines\"": [{\""line\"": 1017, \""text\"": {\""confidence\"": 100, \""value\"": \""You save ($2.70)\""}, \""type\"": {\""confidence\"": 100, \""value\"": \""\""}}], \""line\"": 1016, \""price\"": {\""confidence\"": 99.98736572265625, \""value\"": 5.99}, \""price_postfix\"": \""F\"", \""qty\"": {\""confidence\"": 0, \""value\"": 1}, \""rsd\"": {\""confidence\"": 100, \""original_case_value\"": \""Cheez It Snack Mix\"", \""value\"": \""CHEEZIT SNACK MIX\""}, \""totalPrice\"": {\""confidence\"": 0, \""value\"": 5.99}}, {\""line\"": 1018, \""price\"": {\""confidence\"": 100, \""value\"": 3.49}, \""price_postfix\"": \""F\"", \""qty\"": {\""confidence\"": 0, \""value\"": 1}, \""rsd\"": {\""confidence\"": 99.99203491210938, \""original_case_value\"": \""SEG Ice Cream\"", \""value\"": \""SEG ICE CREAM\""}, \""totalPrice\"": {\""confidence\"": 0, \""value\"": 3.49}}, {\""line\"": 1019, \""price\"": {\""confidence\"": 100, \""value\"": 4.49}, \""price_postfix\"": \""B\"", \""qty\"": {\""confidence\"": 0, \""value\"": 1}, \""rsd\"": {\""confidence\"": 99.98279571533203, \""original_case_value\"": \""BOMB POP XTRM SOUR\"", \""value\"": \""BOMB POP XTRM SOUR\""}, \""totalPrice\"": {\""confidence\"": 0, \""value\"": 4.49}}, {\""line\"": 1020, \""price\"": {\""confidence\"": 100, \""value\"": 5.49}, \""price_postfix\"": \""B\"", \""qty\"": {\""confidence\"": 0, \""value\"": 1}, \""rsd\"": {\""confidence\"": 99.99203491210938, \""original_case_value\"": \""Blue Bell Pops\"", \""value\"": \""BLUE BELL POPS\""}, \""totalPrice\"": {\""confidence\"": 0, \""value\"": 5.49}}, {\""line\"": 1021, \""price\"": {\""confidence\"": 99.98001098632812, \""value\"": 1.89}, \""price_postfix\"": \""F\"", \""qty\"": {\""confidence\"": 0, \""value\"": 2}, \""rsd\"": {\""confidence\"": 99.98001098632812, \""original_case_value\"": \""Domino Sugar\"", \""value\"": \""DOMINO SUGAR\""}, \""totalPrice\"": {\""confidence\"": 0, \""value\"": 3.78}}, {\""line\"": 1022, \""price\"": {\""confidence\"": 100, \""value\"": 5.99}, \""price_postfix\"": \""F\"", \""qty\"": {\""confidence\"": 0, \""value\"": 1}, \""rsd\"": {\""confidence\"": 99.9885482788086, \""original_case_value\"": \""Nabisco Cookies\"", \""value\"": \""NABISCO COOKIES\""}, \""totalPrice\"": {\""confidence\"": 0, \""value\"": 5.99}}, {\""line\"": 1023, \""price\"": {\""confidence\"": 100, \""value\"": 4.39}, \""price_postfix\"": \""F\"", \""qty\"": {\""confidence\"": 0, \""value\"": 1}, \""rsd\"": {\""confidence\"": 100, \""original_case_value\"": \""Fruit Roll Ups\"", \""value\"": \""FRUIT ROLL-UPS\""}, \""totalPrice\"": {\""confidence\"": 0, \""value\"": 4.39}}], \""purchase_type\"": \""In-Store\"", \""raw_basket\"": \""SEG Whipping Cream $3.89 $3.89 F\\nQTY 2 CD Ginger Ale $18.38 $18.38 B\\nChek Soda $4.29 $4.29 B\\nT-Bone Steak $17.27 $9.59 F\\n1.28 lbs @ $7.49/lb\\nYou save ($7.68)\\nCheez It Snack Mix $8.69 $5.99 F\\nYou save ($2.70)\\nSEG Ice Cream $3.49 $3.49 F\\nBOMB POP XTRM SOUR $4.49 $4.49 B\\nBlue Bell Pops $5.49 $5.49 B\\nQTY 2 Domino Sugar $3.78 $3.78 F\\nNabisco Cookies $5.99 $5.99 F\\nFruit Roll Ups $4.39 $4.39 F\\n\"", \""raw_text_array\"": [\""27301 Sr 54, WESLEY CHAPEL, FL\\nStore (813) 994-5570\\n09/08/24 3:14pm 2503 004 137\\nStore Manager: PERRY\\nYour Cashier: MARY\\n\\n\\n44240908250300400652298013700000\\n\\nReg You Pay\\nSEG Whipping Cream $3.89 $3.89 F\\nQTY 2 CD Ginger Ale $18.38 $18.38 B\\nChek Soda $4.29 $4.29 B\\nT-Bone Steak $17.27 $9.59 F\\n1.28 lbs @ $7.49/lb\\nYou save ($7.68)\\nCheez It Snack Mix $8.69 $5.99 F\\nYou save ($2.70)\\nSEG Ice Cream $3.49 $3.49 F\\nBOMB POP XTRM SOUR $4.49 $4.49 B\\nBlue Bell Pops $5.49 $5.49 B\\nQTY 2 Domino Sugar $3.78 $3.78 F\\nNabisco Cookies $5.99 $5.99 F\\nFruit Roll Ups $4.39 $4.39 F\\n\\nTotal number of items sold = 13\\n\\nSubtotal $69.77\\nTax Exemption ($2.29)\\nTax $2.29\\nTotal due $69.77\\nMastercard total $69.77\\nMASTERCARD ************9184\\nAuth #: 261706 SEQ #: 45641\\nChange $0.00\\n\\n\\n\\n\\n\\n\\nYou didn't earn points\\nowards FREE groceriesl\\nSigm uptodayin ourapp orat\\nWinnDiacie.com\\n\\n\\n\\n\\nSavlngs sunnnnary (ending ln 0004)\\nreWardssavtngs Coupon savtngs Totaisavtngs\\n$io3s $o $1038\\nroe- whoppine wo r- iocal wi* -Di-ie\\n\""], \""raw_trip_footer\"": \""Total number of items sold = 13\\nSubtotal $69.77\\nTax Exemption -2.29\\nTax $2.29\\nTotal due $69.77\\nMastercard total $69.77\\nMASTERCARD ************9184\\nAuth #: 261706 SEQ #: 45641\\nChange $0.00\\nYou didn't earn points\\nowards FREE groceriesl\\nSigm uptodayin ourapp orat\\nWinnDiacie.com\\nSavlngs sunnnnary (ending ln 0004)\\nreWardssavtngs Coupon savtngs Totaisavtngs\\n$io3s $o $1038\\nroe- whoppine wo r- iocal wi* -Di-ie\\n\"", \""raw_trip_header\"": \""27301 Sr 54, WESLEY CHAPEL, FL\\nStore (813) 994-5570\\n09/08/24 3:14pm 2503 004 137\\nStore Manager: PERRY\\nYour Cashier: MARY\\n44240908250300400652298013700000\\nReg You Pay\\n\"", \""register\"": {\""confidence\"": 99.9892807006836, \""value\"": \""004\""}, \""store\"": {\""confidence\"": 99.9892807006836, \""value\"": \""2503\""}, \""store_city\"": {\""confidence\"": 100, \""value\"": \""Wesley Chapel\""}, \""store_state\"": {\""confidence\"": 100, \""value\"": \""FL\""}, \""store_street\"": {\""confidence\"": 100, \""value\"": \""27301 Wesley Chapel Blvd\""}, \""store_zip\"": {\""confidence\"": 100, \""value\"": \""33543\""}, \""subtotal\"": {\""confidence\"": 99.98780059814453, \""value\"": 69.77}, \""taxes\"": {\""confidence\"": 99.9791259765625, \""value\"": 0}, \""time\"": {\""confidence\"": 99.9892807006836, \""value\"": \""15:14\""}, \""total\"": {\""confidence\"": 100, \""value\"": 69.77}, \""transaction\"": {\""confidence\"": 99.9892807006836, \""value\"": \""137\""}, \""trip_confidence\"": 100, \""blink_receipt_id\"": \""080f1c95-e5bc-4134-83e6-55b703964649\"", \""cashback\"": 0, \""image_urls\"": [\""https://img.cdn4dd.com/cdn-cgi/image/format=auto/https://doordash-static.s3.amazonaws.com/media/photosV2/49f6158d-30d5-4910-a6af-92c50dc5b980-retina-large.jpeg\""], \""country_code\"": \""US\"", \""api_version\"": 14}""
  }
]"
"[
  {
    ""key"": ""unmatched_item_info"",
    ""value"": ""[]""
  },
  {
    ""key"": ""embedding_matching_df"",
    ""value"": ""{\""SWEET POTATOES\"": {\""Febreze Air Mist Soothe & Restore Mood-Enhancing Air Freshener Spray (8.8 oz)\"": 0.14353198960068722, \""Dawn EZ-Squeeze Ultra Platinum Fresh Rain Scent Dishwashing Liquid (18 fl oz)\"": 0.17475174500049606, \""Chosen Foods 100% Pure Avocado Oil Spray (4.7 oz)\"": 0.24177846748783435, \""First Street Purified Drinking Water (1 gal)\"": 0.1793853060909191, \""G Hughes Gluten Free Sugar Free Sweet Chili Dipping Sauce (18 oz)\"": 0.28568117516451697, \""Simply Value Multi Sheet Paper Towels 2-Ply (6 ct)\"": 0.162425804500905, \""San Luis Pre-Sliced Sourdough Bread (24 oz)\"": 0.22319315850975563, \""First Street Frozen Farm Raised Tilapia Fillets (48 oz)\"": 0.2212723542740244, \""Boneless Skinless Chicken Breasts (pack)\"": 0.23039412530870396, \""Sweet White Potato (each)\"": 0.5099729519949475, \""Lemon\"": 0.22986675747666935, \""Cheerios Oat Crunch Cinnamon Large Size Cereal (18.2 oz)\"": 0.2177225431240394, \""Scrub Daddy Sponge Scrubber (4 ct)\"": 0.2277243189181896, \""Eggland's Cage-Free Grade A Large Brown Eggs (12 ct)\"": 0.26263983562370835, \""Sensodyne ProNamel Alpine Breeze Gentle Whitening Toothpaste (4 oz)\"": 0.15569907310665218, \""Bag Fee\"": 0.19495673963769614, \""Bottle Deposit aka CRV\"": 0.12220605104989817, \""Unknown Item\"": 0.16859344310246863}, \""LEMONS\"": {\""Febreze Air Mist Soothe & Restore Mood-Enhancing Air Freshener Spray (8.8 oz)\"": 0.1785033789195235, \""Dawn EZ-Squeeze Ultra Platinum Fresh Rain Scent Dishwashing Liquid (18 fl oz)\"": 0.24903787988956083, \""Chosen Foods 100% Pure Avocado Oil Spray (4.7 oz)\"": 0.163160922058059, \""First Street Purified Drinking Water (1 gal)\"": 0.18720351162292392, \""G Hughes Gluten Free Sugar Free Sweet Chili Dipping Sauce (18 oz)\"": 0.16935620487741312, \""Simply Value Multi Sheet Paper Towels 2-Ply (6 ct)\"": 0.1358354524794132, \""San Luis Pre-Sliced Sourdough Bread (24 oz)\"": 0.19325382421691414, \""First Street Frozen Farm Raised Tilapia Fillets (48 oz)\"": 0.15265703268241868, \""Boneless Skinless Chicken Breasts (pack)\"": 0.1931568639104954, \""Sweet White Potato (each)\"": 0.206505242748384, \""Lemon\"": 0.733576203049659, \""Cheerios Oat Crunch Cinnamon Large Size Cereal (18.2 oz)\"": 0.17453982823885436, \""Scrub Daddy Sponge Scrubber (4 ct)\"": 0.21188058976673627, \""Eggland's Cage-Free Grade A Large Brown Eggs (12 ct)\"": 0.21960876492470197, \""Sensodyne ProNamel Alpine Breeze Gentle Whitening Toothpaste (4 oz)\"": 0.17569443713284866, \""Bag Fee\"": 0.21214856004904634, \""Bottle Deposit aka CRV\"": 0.2145229105766327, \""Unknown Item\"": 0.1528239966941077}, \""FIRST STREET TILAPIA\"": {\""Febreze Air Mist Soothe & Restore Mood-Enhancing Air Freshener Spray (8.8 oz)\"": 0.12147577452294223, \""Dawn EZ-Squeeze Ultra Platinum Fresh Rain Scent Dishwashing Liquid (18 fl oz)\"": 0.20293783056337372, \""Chosen Foods 100% Pure Avocado Oil Spray (4.7 oz)\"": 0.17398105078512754, \""First Street Purified Drinking Water (1 gal)\"": 0.4071814212187286, \""G Hughes Gluten Free Sugar Free Sweet Chili Dipping Sauce (18 oz)\"": 0.20423545031066395, \""Simply Value Multi Sheet Paper Towels 2-Ply (6 ct)\"": 0.16004603592990993, \""San Luis Pre-Sliced Sourdough Bread (24 oz)\"": 0.27049549904358083, \""First Street Frozen Farm Raised Tilapia Fillets (48 oz)\"": 0.6768304305742905, \""Boneless Skinless Chicken Breasts (pack)\"": 0.29172191403013886, \""Sweet White Potato (each)\"": 0.2767607030550627, \""Lemon\"": 0.17707334163349098, \""Cheerios Oat Crunch Cinnamon Large Size Cereal (18.2 oz)\"": 0.1610731141756292, \""Scrub Daddy Sponge Scrubber (4 ct)\"": 0.20672601679946398, \""Eggland's Cage-Free Grade A Large Brown Eggs (12 ct)\"": 0.2350979210506538, \""Sensodyne ProNamel Alpine Breeze Gentle Whitening Toothpaste (4 oz)\"": 0.15233235860828992, \""Bag Fee\"": 0.0, \""Bottle Deposit aka CRV\"": 0.0, \""Unknown Item\"": 0.17520177203854587}, \""FS BNLS SKNLS CHICKEN B\"": {\""Febreze Air Mist Soothe & Restore Mood-Enhancing Air Freshener Spray (8.8 oz)\"": 0.09645835795005855, \""Dawn EZ-Squeeze Ultra Platinum Fresh Rain Scent Dishwashing Liquid (18 fl oz)\"": 0.15415020828594353, \""Chosen Foods 100% Pure Avocado Oil Spray (4.7 oz)\"": 0.1868024226516937, \""First Street Purified Drinking Water (1 gal)\"": 0.14115927894226532, \""G Hughes Gluten Free Sugar Free Sweet Chili Dipping Sauce (18 oz)\"": 0.24211335035521267, \""Simply Value Multi Sheet Paper Towels 2-Ply (6 ct)\"": 0.15293675508728333, \""San Luis Pre-Sliced Sourdough Bread (24 oz)\"": 0.20641811508084745, \""First Street Frozen Farm Raised Tilapia Fillets (48 oz)\"": 0.2773656499037041, \""Boneless Skinless Chicken Breasts (pack)\"": 0.44283346614113805, \""Sweet White Potato (each)\"": 0.23911611124407683, \""Lemon\"": 0.2070673430473274, \""Cheerios Oat Crunch Cinnamon Large Size Cereal (18.2 oz)\"": 0.21809508785982518, \""Scrub Daddy Sponge Scrubber (4 ct)\"": 0.16565893848501492, \""Eggland's Cage-Free Grade A Large Brown Eggs (12 ct)\"": 0.3073400073878205, \""Sensodyne ProNamel Alpine Breeze Gentle Whitening Toothpaste (4 oz)\"": 0.13843568197051787, \""Bag Fee\"": 0.0, \""Bottle Deposit aka CRV\"": 0.0, \""Unknown Item\"": 0.24198789770878185}, \""EGGLANDS BEST CAGE FREE\"": {\""Febreze Air Mist Soothe & Restore Mood-Enhancing Air Freshener Spray (8.8 oz)\"": 0.16023936667320632, \""Dawn EZ-Squeeze Ultra Platinum Fresh Rain Scent Dishwashing Liquid (18 fl oz)\"": 0.28101994416695153, \""Chosen Foods 100% Pure Avocado Oil Spray (4.7 oz)\"": 0.3012022226107712, \""First Street Purified Drinking Water (1 gal)\"": 0.2672234222684134, \""G Hughes Gluten Free Sugar Free Sweet Chili Dipping Sauce (18 oz)\"": 0.2778640693407856, \""Simply Value Multi Sheet Paper Towels 2-Ply (6 ct)\"": 0.1909478571118304, \""San Luis Pre-Sliced Sourdough Bread (24 oz)\"": 0.22693724234399604, \""First Street Frozen Farm Raised Tilapia Fillets (48 oz)\"": 0.3101874501918735, \""Boneless Skinless Chicken Breasts (pack)\"": 0.3488347606262628, \""Sweet White Potato (each)\"": 0.26296078375983745, \""Lemon\"": 0.2057926145870831, \""Cheerios Oat Crunch Cinnamon Large Size Cereal (18.2 oz)\"": 0.2822574662164024, \""Scrub Daddy Sponge Scrubber (4 ct)\"": 0.24011424368713788, \""Eggland's Cage-Free Grade A Large Brown Eggs (12 ct)\"": 0.6899284291276933, \""Sensodyne ProNamel Alpine Breeze Gentle Whitening Toothpaste (4 oz)\"": 0.19632372482550092, \""Bag Fee\"": 0.0, \""Bottle Deposit aka CRV\"": 0.0, \""Unknown Item\"": 0.16928802698971493}, \""SOURDOUGH LARGE ROUND S\"": {\""Febreze Air Mist Soothe & Restore Mood-Enhancing Air Freshener Spray (8.8 oz)\"": 0.14166686050091953, \""Dawn EZ-Squeeze Ultra Platinum Fresh Rain Scent Dishwashing Liquid (18 fl oz)\"": 0.23806830899520803, \""Chosen Foods 100% Pure Avocado Oil Spray (4.7 oz)\"": 0.20949576159456487, \""First Street Purified Drinking Water (1 gal)\"": 0.20999615952497683, \""G Hughes Gluten Free Sugar Free Sweet Chili Dipping Sauce (18 oz)\"": 0.2711205439368702, \""Simply Value Multi Sheet Paper Towels 2-Ply (6 ct)\"": 0.19064441736474014, \""San Luis Pre-Sliced Sourdough Bread (24 oz)\"": 0.543406753091714, \""First Street Frozen Farm Raised Tilapia Fillets (48 oz)\"": 0.21778911972345824, \""Boneless Skinless Chicken Breasts (pack)\"": 0.25255884475368995, \""Sweet White Potato (each)\"": 0.33672181512856325, \""Lemon\"": 0.2618547475187009, \""Cheerios Oat Crunch Cinnamon Large Size Cereal (18.2 oz)\"": 0.3574423785878771, \""Scrub Daddy Sponge Scrubber (4 ct)\"": 0.24733179620182916, \""Eggland's Cage-Free Grade A Large Brown Eggs (12 ct)\"": 0.35132499886830704, \""Sensodyne ProNamel Alpine Breeze Gentle Whitening Toothpaste (4 oz)\"": 0.22075057769307102, \""Bag Fee\"": 0.0, \""Bottle Deposit aka CRV\"": 0.0, \""Unknown Item\"": 0.18967818904465275}, \""G HUGHES SUGAR FREE DIP\"": {\""Febreze Air Mist Soothe & Restore Mood-Enhancing Air Freshener Spray (8.8 oz)\"": 0.19895192110661472, \""Dawn EZ-Squeeze Ultra Platinum Fresh Rain Scent Dishwashing Liquid (18 fl oz)\"": 0.2601629397923207, \""Chosen Foods 100% Pure Avocado Oil Spray (4.7 oz)\"": 0.3241575417758408, \""First Street Purified Drinking Water (1 gal)\"": 0.25012530214695466, \""G Hughes Gluten Free Sugar Free Sweet Chili Dipping Sauce (18 oz)\"": 0.6390542882048529, \""Simply Value Multi Sheet Paper Towels 2-Ply (6 ct)\"": 0.18117724856736336, \""San Luis Pre-Sliced Sourdough Bread (24 oz)\"": 0.23213503403257024, \""First Street Frozen Farm Raised Tilapia Fillets (48 oz)\"": 0.22441497368929525, \""Boneless Skinless Chicken Breasts (pack)\"": 0.2694506952782587, \""Sweet White Potato (each)\"": 0.26118876368261323, \""Lemon\"": 0.24267361993986034, \""Cheerios Oat Crunch Cinnamon Large Size Cereal (18.2 oz)\"": 0.23430474325356976, \""Scrub Daddy Sponge Scrubber (4 ct)\"": 0.2417069076526661, \""Eggland's Cage-Free Grade A Large Brown Eggs (12 ct)\"": 0.2314460816187463, \""Sensodyne ProNamel Alpine Breeze Gentle Whitening Toothpaste (4 oz)\"": 0.2558335396492451, \""Bag Fee\"": 0.0, \""Bottle Deposit aka CRV\"": 0.0, \""Unknown Item\"": 0.16195267615306277}, \""CHOSEN AVOCADO OIL SPRA\"": {\""Febreze Air Mist Soothe & Restore Mood-Enhancing Air Freshener Spray (8.8 oz)\"": 0.31390848981025704, \""Dawn EZ-Squeeze Ultra Platinum Fresh Rain Scent Dishwashing Liquid (18 fl oz)\"": 0.32908493914619774, \""Chosen Foods 100% Pure Avocado Oil Spray (4.7 oz)\"": 0.7250026669754011, \""First Street Purified Drinking Water (1 gal)\"": 0.25274270319353404, \""G Hughes Gluten Free Sugar Free Sweet Chili Dipping Sauce (18 oz)\"": 0.3464095510561509, \""Simply Value Multi Sheet Paper Towels 2-Ply (6 ct)\"": 0.19017839104031964, \""San Luis Pre-Sliced Sourdough Bread (24 oz)\"": 0.2478368387572174, \""First Street Frozen Farm Raised Tilapia Fillets (48 oz)\"": 0.20746755238894832, \""Boneless Skinless Chicken Breasts (pack)\"": 0.25368213202013695, \""Sweet White Potato (each)\"": 0.25700936384750594, \""Lemon\"": 0.26162200297950056, \""Cheerios Oat Crunch Cinnamon Large Size Cereal (18.2 oz)\"": 0.2295678678929, \""Scrub Daddy Sponge Scrubber (4 ct)\"": 0.2491220301670101, \""Eggland's Cage-Free Grade A Large Brown Eggs (12 ct)\"": 0.25298771916596763, \""Sensodyne ProNamel Alpine Breeze Gentle Whitening Toothpaste (4 oz)\"": 0.2733823489589714, \""Bag Fee\"": 0.0, \""Bottle Deposit aka CRV\"": 0.0, \""Unknown Item\"": 0.1660666752868792}, \""GMI OAT CRUNCH CINNAMON\"": {\""Febreze Air Mist Soothe & Restore Mood-Enhancing Air Freshener Spray (8.8 oz)\"": 0.16660586059875845, \""Dawn EZ-Squeeze Ultra Platinum Fresh Rain Scent Dishwashing Liquid (18 fl oz)\"": 0.22247877441932376, \""Chosen Foods 100% Pure Avocado Oil Spray (4.7 oz)\"": 0.22833501312956517, \""First Street Purified Drinking Water (1 gal)\"": 0.21628724039648095, \""G Hughes Gluten Free Sugar Free Sweet Chili Dipping Sauce (18 oz)\"": 0.3011205019531641, \""Simply Value Multi Sheet Paper Towels 2-Ply (6 ct)\"": 0.20671587266173297, \""San Luis Pre-Sliced Sourdough Bread (24 oz)\"": 0.2513908870083456, \""First Street Frozen Farm Raised Tilapia Fillets (48 oz)\"": 0.2242733811240253, \""Boneless Skinless Chicken Breasts (pack)\"": 0.2229817735923571, \""Sweet White Potato (each)\"": 0.2647000145234361, \""Lemon\"": 0.24694342815616616, \""Cheerios Oat Crunch Cinnamon Large Size Cereal (18.2 oz)\"": 0.6008578743119879, \""Scrub Daddy Sponge Scrubber (4 ct)\"": 0.2038854269770401, \""Eggland's Cage-Free Grade A Large Brown Eggs (12 ct)\"": 0.28156839286040236, \""Sensodyne ProNamel Alpine Breeze Gentle Whitening Toothpaste (4 oz)\"": 0.2885280506239282, \""Bag Fee\"": 0.0, \""Bottle Deposit aka CRV\"": 0.0, \""Unknown Item\"": 0.21109213326929918}, \""SPONGE DADDY\"": {\""Febreze Air Mist Soothe & Restore Mood-Enhancing Air Freshener Spray (8.8 oz)\"": 0.13497279876246704, \""Dawn EZ-Squeeze Ultra Platinum Fresh Rain Scent Dishwashing Liquid (18 fl oz)\"": 0.2804640430779398, \""Chosen Foods 100% Pure Avocado Oil Spray (4.7 oz)\"": 0.13012976017211927, \""First Street Purified Drinking Water (1 gal)\"": 0.1475306633569965, \""G Hughes Gluten Free Sugar Free Sweet Chili Dipping Sauce (18 oz)\"": 0.21307012311939996, \""Simply Value Multi Sheet Paper Towels 2-Ply (6 ct)\"": 0.17579319795484363, \""San Luis Pre-Sliced Sourdough Bread (24 oz)\"": 0.1652474177133339, \""First Street Frozen Farm Raised Tilapia Fillets (48 oz)\"": 0.12872266872755148, \""Boneless Skinless Chicken Breasts (pack)\"": 0.1102423543885443, \""Sweet White Potato (each)\"": 0.22021200394987406, \""Lemon\"": 0.24690626929357104, \""Cheerios Oat Crunch Cinnamon Large Size Cereal (18.2 oz)\"": 0.10844463247453431, \""Scrub Daddy Sponge Scrubber (4 ct)\"": 0.45348827061678587, \""Eggland's Cage-Free Grade A Large Brown Eggs (12 ct)\"": 0.12637561234287228, \""Sensodyne ProNamel Alpine Breeze Gentle Whitening Toothpaste (4 oz)\"": 0.13372208396060378, \""Bag Fee\"": 0.0, \""Bottle Deposit aka CRV\"": 0.0, \""Unknown Item\"": 0.17578004472788303}, \""FEBREZE AIR SOOTHE & RE\"": {\""Febreze Air Mist Soothe & Restore Mood-Enhancing Air Freshener Spray (8.8 oz)\"": 0.6676413125752825, \""Dawn EZ-Squeeze Ultra Platinum Fresh Rain Scent Dishwashing Liquid (18 fl oz)\"": 0.3455291590929618, \""Chosen Foods 100% Pure Avocado Oil Spray (4.7 oz)\"": 0.2912376470560576, \""First Street Purified Drinking Water (1 gal)\"": 0.21015374788621052, \""G Hughes Gluten Free Sugar Free Sweet Chili Dipping Sauce (18 oz)\"": 0.18427308905129983, \""Simply Value Multi Sheet Paper Towels 2-Ply (6 ct)\"": 0.23345857356419003, \""San Luis Pre-Sliced Sourdough Bread (24 oz)\"": 0.17973951110306596, \""First Street Frozen Farm Raised Tilapia Fillets (48 oz)\"": 0.15964281990256174, \""Boneless Skinless Chicken Breasts (pack)\"": 0.17808433309509986, \""Sweet White Potato (each)\"": 0.16652796988731428, \""Lemon\"": 0.2174825502552382, \""Cheerios Oat Crunch Cinnamon Large Size Cereal (18.2 oz)\"": 0.17710267767637203, \""Scrub Daddy Sponge Scrubber (4 ct)\"": 0.28761151946943897, \""Eggland's Cage-Free Grade A Large Brown Eggs (12 ct)\"": 0.15386244435625615, \""Sensodyne ProNamel Alpine Breeze Gentle Whitening Toothpaste (4 oz)\"": 0.3639172679176901, \""Bag Fee\"": 0.0, \""Bottle Deposit aka CRV\"": 0.0, \""Unknown Item\"": 0.19488201914755404}, \""DAWN PLATINUM EZ-SQZ RE\"": {\""Febreze Air Mist Soothe & Restore Mood-Enhancing Air Freshener Spray (8.8 oz)\"": 0.20198057491778804, \""Dawn EZ-Squeeze Ultra Platinum Fresh Rain Scent Dishwashing Liquid (18 fl oz)\"": 0.5923156717685509, \""Chosen Foods 100% Pure Avocado Oil Spray (4.7 oz)\"": 0.28310932850758974, \""First Street Purified Drinking Water (1 gal)\"": 0.2538339763927459, \""G Hughes Gluten Free Sugar Free Sweet Chili Dipping Sauce (18 oz)\"": 0.22950618610928622, \""Simply Value Multi Sheet Paper Towels 2-Ply (6 ct)\"": 0.2162920292478398, \""San Luis Pre-Sliced Sourdough Bread (24 oz)\"": 0.21615575338203585, \""First Street Frozen Farm Raised Tilapia Fillets (48 oz)\"": 0.2341091182409692, \""Boneless Skinless Chicken Breasts (pack)\"": 0.2523799283203302, \""Sweet White Potato (each)\"": 0.31102362781986553, \""Lemon\"": 0.25405890458727737, \""Cheerios Oat Crunch Cinnamon Large Size Cereal (18.2 oz)\"": 0.2448993611991722, \""Scrub Daddy Sponge Scrubber (4 ct)\"": 0.33627582149191054, \""Eggland's Cage-Free Grade A Large Brown Eggs (12 ct)\"": 0.26718933908222553, \""Sensodyne ProNamel Alpine Breeze Gentle Whitening Toothpaste (4 oz)\"": 0.30570124046222374, \""Bag Fee\"": 0.0, \""Bottle Deposit aka CRV\"": 0.0, \""Unknown Item\"": 0.20750242234819977}, \""SIMPLY VALUE TOWELS\"": {\""Febreze Air Mist Soothe & Restore Mood-Enhancing Air Freshener Spray (8.8 oz)\"": 0.23269438660751937, \""Dawn EZ-Squeeze Ultra Platinum Fresh Rain Scent Dishwashing Liquid (18 fl oz)\"": 0.32860224782465103, \""Chosen Foods 100% Pure Avocado Oil Spray (4.7 oz)\"": 0.22036014489456482, \""First Street Purified Drinking Water (1 gal)\"": 0.24976120772782173, \""G Hughes Gluten Free Sugar Free Sweet Chili Dipping Sauce (18 oz)\"": 0.21358749916422837, \""Simply Value Multi Sheet Paper Towels 2-Ply (6 ct)\"": 0.5997542242444402, \""San Luis Pre-Sliced Sourdough Bread (24 oz)\"": 0.22033383160088682, \""First Street Frozen Farm Raised Tilapia Fillets (48 oz)\"": 0.23888404331292473, \""Boneless Skinless Chicken Breasts (pack)\"": 0.23364738232050405, \""Sweet White Potato (each)\"": 0.23258592343654122, \""Lemon\"": 0.17482990436889342, \""Cheerios Oat Crunch Cinnamon Large Size Cereal (18.2 oz)\"": 0.23013925841247337, \""Scrub Daddy Sponge Scrubber (4 ct)\"": 0.3526465998196348, \""Eggland's Cage-Free Grade A Large Brown Eggs (12 ct)\"": 0.26432162341024706, \""Sensodyne ProNamel Alpine Breeze Gentle Whitening Toothpaste (4 oz)\"": 0.22596079540664626, \""Bag Fee\"": 0.0, \""Bottle Deposit aka CRV\"": 0.0, \""Unknown Item\"": 0.1749091329415997}, \""SENSODYNE PRONAMEL TOOT\"": {\""Febreze Air Mist Soothe & Restore Mood-Enhancing Air Freshener Spray (8.8 oz)\"": 0.22292660170114395, \""Dawn EZ-Squeeze Ultra Platinum Fresh Rain Scent Dishwashing Liquid (18 fl oz)\"": 0.27407983372519945, \""Chosen Foods 100% Pure Avocado Oil Spray (4.7 oz)\"": 0.1552181559351287, \""First Street Purified Drinking Water (1 gal)\"": 0.21585834607384813, \""G Hughes Gluten Free Sugar Free Sweet Chili Dipping Sauce (18 oz)\"": 0.18878302389550927, \""Simply Value Multi Sheet Paper Towels 2-Ply (6 ct)\"": 0.15346415884164374, \""San Luis Pre-Sliced Sourdough Bread (24 oz)\"": 0.15852829796609244, \""First Street Frozen Farm Raised Tilapia Fillets (48 oz)\"": 0.12692524332340815, \""Boneless Skinless Chicken Breasts (pack)\"": 0.15286438458035684, \""Sweet White Potato (each)\"": 0.2038233111470934, \""Lemon\"": 0.23750714615454085, \""Cheerios Oat Crunch Cinnamon Large Size Cereal (18.2 oz)\"": 0.17662415374588614, \""Scrub Daddy Sponge Scrubber (4 ct)\"": 0.24618904138187706, \""Eggland's Cage-Free Grade A Large Brown Eggs (12 ct)\"": 0.13497992872656708, \""Sensodyne ProNamel Alpine Breeze Gentle Whitening Toothpaste (4 oz)\"": 0.6450022164879904, \""Bag Fee\"": 0.0, \""Bottle Deposit aka CRV\"": 0.0, \""Unknown Item\"": 0.14455149502293405}, \""FIRST STREET WATER\"": {\""Febreze Air Mist Soothe & Restore Mood-Enhancing Air Freshener Spray (8.8 oz)\"": 0.1150383112996568, \""Dawn EZ-Squeeze Ultra Platinum Fresh Rain Scent Dishwashing Liquid (18 fl oz)\"": 0.19718229709873458, \""Chosen Foods 100% Pure Avocado Oil Spray (4.7 oz)\"": 0.1103573633199277, \""First Street Purified Drinking Water (1 gal)\"": 0.5770749877373375, \""G Hughes Gluten Free Sugar Free Sweet Chili Dipping Sauce (18 oz)\"": 0.1213200508708292, \""Simply Value Multi Sheet Paper Towels 2-Ply (6 ct)\"": 0.10761741278578976, \""San Luis Pre-Sliced Sourdough Bread (24 oz)\"": 0.17277271848144773, \""First Street Frozen Farm Raised Tilapia Fillets (48 oz)\"": 0.33109265466532156, \""Boneless Skinless Chicken Breasts (pack)\"": 0.12499008932800937, \""Sweet White Potato (each)\"": 0.1673302875444683, \""Lemon\"": 0.19984377200857742, \""Cheerios Oat Crunch Cinnamon Large Size Cereal (18.2 oz)\"": 0.0828175350547052, \""Scrub Daddy Sponge Scrubber (4 ct)\"": 0.10716894203723351, \""Eggland's Cage-Free Grade A Large Brown Eggs (12 ct)\"": 0.16139888636359653, \""Sensodyne ProNamel Alpine Breeze Gentle Whitening Toothpaste (4 oz)\"": 0.1540524000631392, \""Bag Fee\"": 0.1798967273624903, \""Bottle Deposit aka CRV\"": 0.22618363856290996, \""Unknown Item\"": 0.16312755150598598}, \""CRV FOODSTAMP NONTAXAB\"": {\""Febreze Air Mist Soothe & Restore Mood-Enhancing Air Freshener Spray (8.8 oz)\"": 0.10107481981335019, \""Dawn EZ-Squeeze Ultra Platinum Fresh Rain Scent Dishwashing Liquid (18 fl oz)\"": 0.13825345373338552, \""Chosen Foods 100% Pure Avocado Oil Spray (4.7 oz)\"": 0.16653384051176276, \""First Street Purified Drinking Water (1 gal)\"": 0.19659985979347389, \""G Hughes Gluten Free Sugar Free Sweet Chili Dipping Sauce (18 oz)\"": 0.17443172182945416, \""Simply Value Multi Sheet Paper Towels 2-Ply (6 ct)\"": 0.17496450470101946, \""San Luis Pre-Sliced Sourdough Bread (24 oz)\"": 0.15257148598354975, \""First Street Frozen Farm Raised Tilapia Fillets (48 oz)\"": 0.20101216503679778, \""Boneless Skinless Chicken Breasts (pack)\"": 0.19323117527385433, \""Sweet White Potato (each)\"": 0.1896106010989178, \""Lemon\"": 0.13013250443108776, \""Cheerios Oat Crunch Cinnamon Large Size Cereal (18.2 oz)\"": 0.2042843880496693, \""Scrub Daddy Sponge Scrubber (4 ct)\"": 0.17428873078334253, \""Eggland's Cage-Free Grade A Large Brown Eggs (12 ct)\"": 0.17690154502941652, \""Sensodyne ProNamel Alpine Breeze Gentle Whitening Toothpaste (4 oz)\"": 0.11177934776179355, \""Bag Fee\"": 0.26468437365738373, \""Bottle Deposit aka CRV\"": 0.44402149126986, \""Unknown Item\"": 0.17610304525563739}, \""SFI BAG 4 CHECKSTAND RE\"": {\""Febreze Air Mist Soothe & Restore Mood-Enhancing Air Freshener Spray (8.8 oz)\"": 0.16730687359943294, \""Dawn EZ-Squeeze Ultra Platinum Fresh Rain Scent Dishwashing Liquid (18 fl oz)\"": 0.21498227648379772, \""Chosen Foods 100% Pure Avocado Oil Spray (4.7 oz)\"": 0.19559437138672314, \""First Street Purified Drinking Water (1 gal)\"": 0.2135756154883568, \""G Hughes Gluten Free Sugar Free Sweet Chili Dipping Sauce (18 oz)\"": 0.21145846522351086, \""Simply Value Multi Sheet Paper Towels 2-Ply (6 ct)\"": 0.18633890825749283, \""San Luis Pre-Sliced Sourdough Bread (24 oz)\"": 0.22323086633445333, \""First Street Frozen Farm Raised Tilapia Fillets (48 oz)\"": 0.26917189177624673, \""Boneless Skinless Chicken Breasts (pack)\"": 0.22912263084850057, \""Sweet White Potato (each)\"": 0.17143825469860907, \""Lemon\"": 0.11451628343272376, \""Cheerios Oat Crunch Cinnamon Large Size Cereal (18.2 oz)\"": 0.19523932273598915, \""Scrub Daddy Sponge Scrubber (4 ct)\"": 0.29905179194545556, \""Eggland's Cage-Free Grade A Large Brown Eggs (12 ct)\"": 0.19760136330775796, \""Sensodyne ProNamel Alpine Breeze Gentle Whitening Toothpaste (4 oz)\"": 0.2132135061127376, \""Bag Fee\"": 0.5236199605565183, \""Bottle Deposit aka CRV\"": 0.26678680316781617, \""Unknown Item\"": 0.1852440440559436}, \""Unknown Item\"": {\""Febreze Air Mist Soothe & Restore Mood-Enhancing Air Freshener Spray (8.8 oz)\"": 0.18118201360006495, \""Dawn EZ-Squeeze Ultra Platinum Fresh Rain Scent Dishwashing Liquid (18 fl oz)\"": 0.17106618983042599, \""Chosen Foods 100% Pure Avocado Oil Spray (4.7 oz)\"": 0.17711896427128065, \""First Street Purified Drinking Water (1 gal)\"": 0.17827582004533002, \""G Hughes Gluten Free Sugar Free Sweet Chili Dipping Sauce (18 oz)\"": 0.15694241936541736, \""Simply Value Multi Sheet Paper Towels 2-Ply (6 ct)\"": 0.14825252726098864, \""San Luis Pre-Sliced Sourdough Bread (24 oz)\"": 0.13279866154113767, \""First Street Frozen Farm Raised Tilapia Fillets (48 oz)\"": 0.19374276909493757, \""Boneless Skinless Chicken Breasts (pack)\"": 0.2243032203500992, \""Sweet White Potato (each)\"": 0.2275409658685964, \""Lemon\"": 0.2318400154050488, \""Cheerios Oat Crunch Cinnamon Large Size Cereal (18.2 oz)\"": 0.171621323205154, \""Scrub Daddy Sponge Scrubber (4 ct)\"": 0.1865123660655711, \""Eggland's Cage-Free Grade A Large Brown Eggs (12 ct)\"": 0.1956072862206803, \""Sensodyne ProNamel Alpine Breeze Gentle Whitening Toothpaste (4 oz)\"": 0.17674247941319132, \""Bag Fee\"": 0.30044820010565, \""Bottle Deposit aka CRV\"": 0.21774943832703783, \""Unknown Item\"": 0.9990000776809496}}""
  },
  {
    ""key"": ""total_amount"",
    ""value"": ""{\""money\"": {\""unit_amount\"": 10873, \""currency\"": \""USD\"", \""display_string\"": \""None108.73\"", \""decimal_places\"": 2, \""sign\"": null, \""symbol\"": null}, \""confidence_score\"": 1.0}""
  },
  {
    ""key"": ""discount_amount"",
    ""value"": ""{\""money\"": {\""unit_amount\"": 0, \""currency\"": \""USD\"", \""display_string\"": \""None0.00\"", \""decimal_places\"": 2, \""sign\"": null, \""symbol\"": null}, \""confidence_score\"": 1.0}""
  },
  {
    ""key"": ""business_id"",
    ""value"": ""388144""
  },
  {
    ""key"": ""subtotal_amount"",
    ""value"": ""{\""money\"": {\""unit_amount\"": 10873, \""currency\"": \""USD\"", \""display_string\"": \""None108.73\"", \""decimal_places\"": 2, \""sign\"": null, \""symbol\"": null}, \""confidence_score\"": 1.0}""
  },
  {
    ""key"": ""tax_confidence_score"",
    ""value"": ""1.0""
  },
  {
    ""key"": ""matched_item_info"",
    ""value"": ""[{\""merchant_supplied_id\"": \""4091\"", \""display_name\"": \""Sweet White Potato (each)\"", \""ocr_description\"": \""SWEET POTATOES\"", \""quantity\"": {\""value\"": 4.3}, \""price_per_unit\"": {\""unit_amount\"": 149, \""currency\"": \""USD\"", \""display_string\"": \""None1.49\"", \""decimal_places\"": 2, \""sign\"": null, \""symbol\"": null}, \""item_price\"": {\""unit_amount\"": 641, \""currency\"": \""USD\"", \""display_string\"": \""None6.41\"", \""decimal_places\"": 2, \""sign\"": null, \""symbol\"": null}, \""non_discount_price_per_unit\"": {\""unit_amount\"": 0, \""currency\"": \""USD\"", \""display_string\"": \""None0.00\"", \""decimal_places\"": 2, \""sign\"": null, \""symbol\"": null}, \""non_discount_item_price\"": {\""unit_amount\"": 0, \""currency\"": \""USD\"", \""display_string\"": \""None0.00\"", \""decimal_places\"": 2, \""sign\"": null, \""symbol\"": null}, \""sold_by_weight\"": true, \""confidence_score\"": 1.0}, {\""merchant_supplied_id\"": \""4053\"", \""display_name\"": \""Lemon\"", \""ocr_description\"": \""LEMONS\"", \""quantity\"": {\""value\"": 5.0}, \""price_per_unit\"": {\""unit_amount\"": 79, \""currency\"": \""USD\"", \""display_string\"": \""None0.79\"", \""decimal_places\"": 2, \""sign\"": null, \""symbol\"": null}, \""item_price\"": {\""unit_amount\"": 395, \""currency\"": \""USD\"", \""display_string\"": \""None3.95\"", \""decimal_places\"": 2, \""sign\"": null, \""symbol\"": null}, \""non_discount_price_per_unit\"": {\""unit_amount\"": 0, \""currency\"": \""USD\"", \""display_string\"": \""None0.00\"", \""decimal_places\"": 2, \""sign\"": null, \""symbol\"": null}, \""non_discount_item_price\"": {\""unit_amount\"": 0, \""currency\"": \""USD\"", \""display_string\"": \""None0.00\"", \""decimal_places\"": 2, \""sign\"": null, \""symbol\"": null}, \""sold_by_weight\"": false, \""confidence_score\"": 1.0}, {\""merchant_supplied_id\"": \""041512123283\"", \""display_name\"": \""First Street Frozen Farm Raised Tilapia Fillets (48 oz)\"", \""ocr_description\"": \""FIRST STREET TILAPIA\"", \""quantity\"": {\""value\"": 1.0}, \""price_per_unit\"": {\""unit_amount\"": 1197, \""currency\"": \""USD\"", \""display_string\"": \""None11.97\"", \""decimal_places\"": 2, \""sign\"": null, \""symbol\"": null}, \""item_price\"": {\""unit_amount\"": 1197, \""currency\"": \""USD\"", \""display_string\"": \""None11.97\"", \""decimal_places\"": 2, \""sign\"": null, \""symbol\"": null}, \""non_discount_price_per_unit\"": {\""unit_amount\"": 0, \""currency\"": \""USD\"", \""display_string\"": \""None0.00\"", \""decimal_places\"": 2, \""sign\"": null, \""symbol\"": null}, \""non_discount_item_price\"": {\""unit_amount\"": 0, \""currency\"": \""USD\"", \""display_string\"": \""None0.00\"", \""decimal_places\"": 2, \""sign\"": null, \""symbol\"": null}, \""sold_by_weight\"": false, \""confidence_score\"": 1.0}, {\""merchant_supplied_id\"": \""214119000008\"", \""display_name\"": \""Boneless Skinless Chicken Breasts (pack)\"", \""ocr_description\"": \""FS BNLS SKNLS CHICKEN B\"", \""quantity\"": {\""value\"": 4.57}, \""price_per_unit\"": {\""unit_amount\"": 299, \""currency\"": \""USD\"", \""display_string\"": \""None2.99\"", \""decimal_places\"": 2, \""sign\"": null, \""symbol\"": null}, \""item_price\"": {\""unit_amount\"": 1366, \""currency\"": \""USD\"", \""display_string\"": \""None13.66\"", \""decimal_places\"": 2, \""sign\"": null, \""symbol\"": null}, \""non_discount_price_per_unit\"": {\""unit_amount\"": 0, \""currency\"": \""USD\"", \""display_string\"": \""None0.00\"", \""decimal_places\"": 2, \""sign\"": null, \""symbol\"": null}, \""non_discount_item_price\"": {\""unit_amount\"": 0, \""currency\"": \""USD\"", \""display_string\"": \""None0.00\"", \""decimal_places\"": 2, \""sign\"": null, \""symbol\"": null}, \""sold_by_weight\"": true, \""confidence_score\"": 1.0}, {\""merchant_supplied_id\"": \""715141514643\"", \""display_name\"": \""Eggland's Cage-Free Grade A Large Brown Eggs (12 ct)\"", \""ocr_description\"": \""EGGLANDS BEST CAGE FREE\"", \""quantity\"": {\""value\"": 1.0}, \""price_per_unit\"": {\""unit_amount\"": 549, \""currency\"": \""USD\"", \""display_string\"": \""None5.49\"", \""decimal_places\"": 2, \""sign\"": null, \""symbol\"": null}, \""item_price\"": {\""unit_amount\"": 549, \""currency\"": \""USD\"", \""display_string\"": \""None5.49\"", \""decimal_places\"": 2, \""sign\"": null, \""symbol\"": null}, \""non_discount_price_per_unit\"": {\""unit_amount\"": 0, \""currency\"": \""USD\"", \""display_string\"": \""None0.00\"", \""decimal_places\"": 2, \""sign\"": null, \""symbol\"": null}, \""non_discount_item_price\"": {\""unit_amount\"": 0, \""currency\"": \""USD\"", \""display_string\"": \""None0.00\"", \""decimal_places\"": 2, \""sign\"": null, \""symbol\"": null}, \""sold_by_weight\"": false, \""confidence_score\"": 1.0}, {\""merchant_supplied_id\"": \""018537241575\"", \""display_name\"": \""San Luis Pre-Sliced Sourdough Bread (24 oz)\"", \""ocr_description\"": \""SOURDOUGH LARGE ROUND S\"", \""quantity\"": {\""value\"": 1.0}, \""price_per_unit\"": {\""unit_amount\"": 569, \""currency\"": \""USD\"", \""display_string\"": \""None5.69\"", \""decimal_places\"": 2, \""sign\"": null, \""symbol\"": null}, \""item_price\"": {\""unit_amount\"": 569, \""currency\"": \""USD\"", \""display_string\"": \""None5.69\"", \""decimal_places\"": 2, \""sign\"": null, \""symbol\"": null}, \""non_discount_price_per_unit\"": {\""unit_amount\"": 0, \""currency\"": \""USD\"", \""display_string\"": \""None0.00\"", \""decimal_places\"": 2, \""sign\"": null, \""symbol\"": null}, \""non_discount_item_price\"": {\""unit_amount\"": 0, \""currency\"": \""USD\"", \""display_string\"": \""None0.00\"", \""decimal_places\"": 2, \""sign\"": null, \""symbol\"": null}, \""sold_by_weight\"": false, \""confidence_score\"": 1.0}, {\""merchant_supplied_id\"": \""026825000070\"", \""display_name\"": \""G Hughes Gluten Free Sugar Free Sweet Chili Dipping Sauce (18 oz)\"", \""ocr_description\"": \""G HUGHES SUGAR FREE DIP\"", \""quantity\"": {\""value\"": 2.0}, \""price_per_unit\"": {\""unit_amount\"": 699, \""currency\"": \""USD\"", \""display_string\"": \""None6.99\"", \""decimal_places\"": 2, \""sign\"": null, \""symbol\"": null}, \""item_price\"": {\""unit_amount\"": 1398, \""currency\"": \""USD\"", \""display_string\"": \""None13.98\"", \""decimal_places\"": 2, \""sign\"": null, \""symbol\"": null}, \""non_discount_price_per_unit\"": {\""unit_amount\"": 0, \""currency\"": \""USD\"", \""display_string\"": \""None0.00\"", \""decimal_places\"": 2, \""sign\"": null, \""symbol\"": null}, \""non_discount_item_price\"": {\""unit_amount\"": 0, \""currency\"": \""USD\"", \""display_string\"": \""None0.00\"", \""decimal_places\"": 2, \""sign\"": null, \""symbol\"": null}, \""sold_by_weight\"": false, \""confidence_score\"": 1.0}, {\""merchant_supplied_id\"": \""853807005033\"", \""display_name\"": \""Chosen Foods 100% Pure Avocado Oil Spray (4.7 oz)\"", \""ocr_description\"": \""CHOSEN AVOCADO OIL SPRA\"", \""quantity\"": {\""value\"": 1.0}, \""price_per_unit\"": {\""unit_amount\"": 599, \""currency\"": \""USD\"", \""display_string\"": \""None5.99\"", \""decimal_places\"": 2, \""sign\"": null, \""symbol\"": null}, \""item_price\"": {\""unit_amount\"": 599, \""currency\"": \""USD\"", \""display_string\"": \""None5.99\"", \""decimal_places\"": 2, \""sign\"": null, \""symbol\"": null}, \""non_discount_price_per_unit\"": {\""unit_amount\"": 0, \""currency\"": \""USD\"", \""display_string\"": \""None0.00\"", \""decimal_places\"": 2, \""sign\"": null, \""symbol\"": null}, \""non_discount_item_price\"": {\""unit_amount\"": 0, \""currency\"": \""USD\"", \""display_string\"": \""None0.00\"", \""decimal_places\"": 2, \""sign\"": null, \""symbol\"": null}, \""sold_by_weight\"": false, \""confidence_score\"": 1.0}, {\""merchant_supplied_id\"": \""016000163614\"", \""display_name\"": \""Cheerios Oat Crunch Cinnamon Large Size Cereal (18.2 oz)\"", \""ocr_description\"": \""GMI OAT CRUNCH CINNAMON\"", \""quantity\"": {\""value\"": 1.0}, \""price_per_unit\"": {\""unit_amount\"": 649, \""currency\"": \""USD\"", \""display_string\"": \""None6.49\"", \""decimal_places\"": 2, \""sign\"": null, \""symbol\"": null}, \""item_price\"": {\""unit_amount\"": 649, \""currency\"": \""USD\"", \""display_string\"": \""None6.49\"", \""decimal_places\"": 2, \""sign\"": null, \""symbol\"": null}, \""non_discount_price_per_unit\"": {\""unit_amount\"": 0, \""currency\"": \""USD\"", \""display_string\"": \""None0.00\"", \""decimal_places\"": 2, \""sign\"": null, \""symbol\"": null}, \""non_discount_item_price\"": {\""unit_amount\"": 0, \""currency\"": \""USD\"", \""display_string\"": \""None0.00\"", \""decimal_places\"": 2, \""sign\"": null, \""symbol\"": null}, \""sold_by_weight\"": false, \""confidence_score\"": 1.0}, {\""merchant_supplied_id\"": \""859547004190\"", \""display_name\"": \""Scrub Daddy Sponge Scrubber (4 ct)\"", \""ocr_description\"": \""SPONGE DADDY\"", \""quantity\"": {\""value\"": 1.0}, \""price_per_unit\"": {\""unit_amount\"": 699, \""currency\"": \""USD\"", \""display_string\"": \""None6.99\"", \""decimal_places\"": 2, \""sign\"": null, \""symbol\"": null}, \""item_price\"": {\""unit_amount\"": 699, \""currency\"": \""USD\"", \""display_string\"": \""None6.99\"", \""decimal_places\"": 2, \""sign\"": null, \""symbol\"": null}, \""non_discount_price_per_unit\"": {\""unit_amount\"": 0, \""currency\"": \""USD\"", \""display_string\"": \""None0.00\"", \""decimal_places\"": 2, \""sign\"": null, \""symbol\"": null}, \""non_discount_item_price\"": {\""unit_amount\"": 0, \""currency\"": \""USD\"", \""display_string\"": \""None0.00\"", \""decimal_places\"": 2, \""sign\"": null, \""symbol\"": null}, \""sold_by_weight\"": false, \""confidence_score\"": 1.0}, {\""merchant_supplied_id\"": \""030772101254\"", \""display_name\"": \""Febreze Air Mist Soothe & Restore Mood-Enhancing Air Freshener Spray (8.8 oz)\"", \""ocr_description\"": \""FEBREZE AIR SOOTHE & RE\"", \""quantity\"": {\""value\"": 1.0}, \""price_per_unit\"": {\""unit_amount\"": 349, \""currency\"": \""USD\"", \""display_string\"": \""None3.49\"", \""decimal_places\"": 2, \""sign\"": null, \""symbol\"": null}, \""item_price\"": {\""unit_amount\"": 349, \""currency\"": \""USD\"", \""display_string\"": \""None3.49\"", \""decimal_places\"": 2, \""sign\"": null, \""symbol\"": null}, \""non_discount_price_per_unit\"": {\""unit_amount\"": 0, \""currency\"": \""USD\"", \""display_string\"": \""None0.00\"", \""decimal_places\"": 2, \""sign\"": null, \""symbol\"": null}, \""non_discount_item_price\"": {\""unit_amount\"": 0, \""currency\"": \""USD\"", \""display_string\"": \""None0.00\"", \""decimal_places\"": 2, \""sign\"": null, \""symbol\"": null}, \""sold_by_weight\"": false, \""confidence_score\"": 1.0}, {\""merchant_supplied_id\"": \""030772002070\"", \""display_name\"": \""Dawn EZ-Squeeze Ultra Platinum Fresh Rain Scent Dishwashing Liquid (18 fl oz)\"", \""ocr_description\"": \""DAWN PLATINUM EZ-SQZ RE\"", \""quantity\"": {\""value\"": 1.0}, \""price_per_unit\"": {\""unit_amount\"": 449, \""currency\"": \""USD\"", \""display_string\"": \""None4.49\"", \""decimal_places\"": 2, \""sign\"": null, \""symbol\"": null}, \""item_price\"": {\""unit_amount\"": 449, \""currency\"": \""USD\"", \""display_string\"": \""None4.49\"", \""decimal_places\"": 2, \""sign\"": null, \""symbol\"": null}, \""non_discount_price_per_unit\"": {\""unit_amount\"": 0, \""currency\"": \""USD\"", \""display_string\"": \""None0.00\"", \""decimal_places\"": 2, \""sign\"": null, \""symbol\"": null}, \""non_discount_item_price\"": {\""unit_amount\"": 0, \""currency\"": \""USD\"", \""display_string\"": \""None0.00\"", \""decimal_places\"": 2, \""sign\"": null, \""symbol\"": null}, \""sold_by_weight\"": false, \""confidence_score\"": 1.0}, {\""merchant_supplied_id\"": \""041512174223\"", \""display_name\"": \""Simply Value Multi Sheet Paper Towels 2-Ply (6 ct)\"", \""ocr_description\"": \""SIMPLY VALUE TOWELS\"", \""quantity\"": {\""value\"": 1.0}, \""price_per_unit\"": {\""unit_amount\"": 599, \""currency\"": \""USD\"", \""display_string\"": \""None5.99\"", \""decimal_places\"": 2, \""sign\"": null, \""symbol\"": null}, \""item_price\"": {\""unit_amount\"": 599, \""currency\"": \""USD\"", \""display_string\"": \""None5.99\"", \""decimal_places\"": 2, \""sign\"": null, \""symbol\"": null}, \""non_discount_price_per_unit\"": {\""unit_amount\"": 0, \""currency\"": \""USD\"", \""display_string\"": \""None0.00\"", \""decimal_places\"": 2, \""sign\"": null, \""symbol\"": null}, \""non_discount_item_price\"": {\""unit_amount\"": 0, \""currency\"": \""USD\"", \""display_string\"": \""None0.00\"", \""decimal_places\"": 2, \""sign\"": null, \""symbol\"": null}, \""sold_by_weight\"": false, \""confidence_score\"": 1.0}, {\""merchant_supplied_id\"": \""310158850007\"", \""display_name\"": \""Sensodyne ProNamel Alpine Breeze Gentle Whitening Toothpaste (4 oz)\"", \""ocr_description\"": \""SENSODYNE PRONAMEL TOOT\"", \""quantity\"": {\""value\"": 1.0}, \""price_per_unit\"": {\""unit_amount\"": 699, \""currency\"": \""USD\"", \""display_string\"": \""None6.99\"", \""decimal_places\"": 2, \""sign\"": null, \""symbol\"": null}, \""item_price\"": {\""unit_amount\"": 699, \""currency\"": \""USD\"", \""display_string\"": \""None6.99\"", \""decimal_places\"": 2, \""sign\"": null, \""symbol\"": null}, \""non_discount_price_per_unit\"": {\""unit_amount\"": 0, \""currency\"": \""USD\"", \""display_string\"": \""None0.00\"", \""decimal_places\"": 2, \""sign\"": null, \""symbol\"": null}, \""non_discount_item_price\"": {\""unit_amount\"": 0, \""currency\"": \""USD\"", \""display_string\"": \""None0.00\"", \""decimal_places\"": 2, \""sign\"": null, \""symbol\"": null}, \""sold_by_weight\"": false, \""confidence_score\"": 1.0}, {\""merchant_supplied_id\"": \""041512114328\"", \""display_name\"": \""First Street Purified Drinking Water (1 gal)\"", \""ocr_description\"": \""FIRST STREET WATER\"", \""quantity\"": {\""value\"": 5.0}, \""price_per_unit\"": {\""unit_amount\"": 125, \""currency\"": \""USD\"", \""display_string\"": \""None1.25\"", \""decimal_places\"": 2, \""sign\"": null, \""symbol\"": null}, \""item_price\"": {\""unit_amount\"": 625, \""currency\"": \""USD\"", \""display_string\"": \""None6.25\"", \""decimal_places\"": 2, \""sign\"": null, \""symbol\"": null}, \""non_discount_price_per_unit\"": {\""unit_amount\"": 0, \""currency\"": \""USD\"", \""display_string\"": \""None0.00\"", \""decimal_places\"": 2, \""sign\"": null, \""symbol\"": null}, \""non_discount_item_price\"": {\""unit_amount\"": 0, \""currency\"": \""USD\"", \""display_string\"": \""None0.00\"", \""decimal_places\"": 2, \""sign\"": null, \""symbol\"": null}, \""sold_by_weight\"": false, \""confidence_score\"": 1.0}]""
  },
  {
    ""key"": ""bag_fee_info"",
    ""value"": ""{\""quantity\"": {\""value\"": 4.0}, \""price_per_unit\"": {\""unit_amount\"": 10, \""currency\"": \""USD\"", \""display_string\"": \""None0.10\"", \""decimal_places\"": 2, \""sign\"": null, \""symbol\"": null}, \""item_price\"": {\""unit_amount\"": 40, \""currency\"": \""USD\"", \""display_string\"": \""None0.40\"", \""decimal_places\"": 2, \""sign\"": null, \""symbol\"": null}, \""confidence_score\"": 1.0}""
  },
  {
    ""key"": ""blink_items_df"",
    ""value"": ""{\""ocr_description\"": {\""0\"": \""SWEET POTATOES\"", \""1\"": \""LEMONS\"", \""2\"": \""FIRST STREET TILAPIA\"", \""3\"": \""FS BNLS SKNLS CHICKEN B\"", \""4\"": \""EGGLANDS BEST CAGE FREE\"", \""5\"": \""SOURDOUGH LARGE ROUND S\"", \""6\"": \""G HUGHES SUGAR FREE DIP\"", \""7\"": \""CHOSEN AVOCADO OIL SPRA\"", \""8\"": \""GMI OAT CRUNCH CINNAMON\"", \""9\"": \""SPONGE DADDY\"", \""10\"": \""FEBREZE AIR SOOTHE & RE\"", \""11\"": \""DAWN PLATINUM EZ-SQZ RE\"", \""12\"": \""SIMPLY VALUE TOWELS\"", \""13\"": \""SENSODYNE PRONAMEL TOOT\"", \""14\"": \""FIRST STREET WATER\"", \""15\"": \""CRV FOODSTAMP NONTAXAB\"", \""16\"": \""SFI BAG 4 CHECKSTAND RE\"", \""17\"": \""discount_cents\"", \""18\"": \""subtotal_cents\"", \""19\"": \""total_tax_cents\"", \""20\"": \""total_cents\""}, \""quantity\"": {\""0\"": 4.3, \""1\"": 5.0, \""2\"": 1.0, \""3\"": 4.57, \""4\"": 1.0, \""5\"": 1.0, \""6\"": 2.0, \""7\"": 1.0, \""8\"": 1.0, \""9\"": 1.0, \""10\"": 1.0, \""11\"": 1.0, \""12\"": 1.0, \""13\"": 1.0, \""14\"": 5.0, \""15\"": 5.0, \""16\"": 4.0, \""17\"": NaN, \""18\"": NaN, \""19\"": NaN, \""20\"": NaN}, \""price_per_unit_cents\"": {\""0\"": 149.0, \""1\"": 79.0, \""2\"": 1197.0, \""3\"": 299.0, \""4\"": 549.0, \""5\"": 569.0, \""6\"": 699.0, \""7\"": 599.0, \""8\"": 649.0, \""9\"": 699.0, \""10\"": 349.0, \""11\"": 449.0, \""12\"": 599.0, \""13\"": 699.0, \""14\"": 125.0, \""15\"": 10.0, \""16\"": 10.0, \""17\"": NaN, \""18\"": NaN, \""19\"": NaN, \""20\"": NaN}, \""item_price_cents\"": {\""0\"": 641, \""1\"": 395, \""2\"": 1197, \""3\"": 1366, \""4\"": 549, \""5\"": 569, \""6\"": 1398, \""7\"": 599, \""8\"": 649, \""9\"": 699, \""10\"": 349, \""11\"": 449, \""12\"": 599, \""13\"": 699, \""14\"": 625, \""15\"": 50, \""16\"": 40, \""17\"": 0, \""18\"": 10873, \""19\"": 0, \""20\"": 10873}}""
  },
  {
    ""key"": ""input_swipe_amount"",
    ""value"": ""10873""
  },
  {
    ""key"": ""is_legible"",
    ""value"": ""true""
  },
  {
    ""key"": ""input_item_info"",
    ""value"": ""[{\""merchant_supplied_id\"": \""030772101254\"", \""display_name\"": \""Febreze Air Mist Soothe & Restore Mood-Enhancing Air Freshener Spray (8.8 oz)\"", \""scanned_barcode\"": null}, {\""merchant_supplied_id\"": \""030772002070\"", \""display_name\"": \""Dawn EZ-Squeeze Ultra Platinum Fresh Rain Scent Dishwashing Liquid (18 fl oz)\"", \""scanned_barcode\"": null}, {\""merchant_supplied_id\"": \""853807005033\"", \""display_name\"": \""Chosen Foods 100% Pure Avocado Oil Spray (4.7 oz)\"", \""scanned_barcode\"": null}, {\""merchant_supplied_id\"": \""041512114328\"", \""display_name\"": \""First Street Purified Drinking Water (1 gal)\"", \""scanned_barcode\"": null}, {\""merchant_supplied_id\"": \""026825000070\"", \""display_name\"": \""G Hughes Gluten Free Sugar Free Sweet Chili Dipping Sauce (18 oz)\"", \""scanned_barcode\"": null}, {\""merchant_supplied_id\"": \""041512174223\"", \""display_name\"": \""Simply Value Multi Sheet Paper Towels 2-Ply (6 ct)\"", \""scanned_barcode\"": null}, {\""merchant_supplied_id\"": \""018537241575\"", \""display_name\"": \""San Luis Pre-Sliced Sourdough Bread (24 oz)\"", \""scanned_barcode\"": null}, {\""merchant_supplied_id\"": \""041512123283\"", \""display_name\"": \""First Street Frozen Farm Raised Tilapia Fillets (48 oz)\"", \""scanned_barcode\"": null}, {\""merchant_supplied_id\"": \""214119000008\"", \""display_name\"": \""Boneless Skinless Chicken Breasts (pack)\"", \""scanned_barcode\"": null}, {\""merchant_supplied_id\"": \""4091\"", \""display_name\"": \""Sweet White Potato (each)\"", \""scanned_barcode\"": null}, {\""merchant_supplied_id\"": \""4053\"", \""display_name\"": \""Lemon\"", \""scanned_barcode\"": null}, {\""merchant_supplied_id\"": \""016000163614\"", \""display_name\"": \""Cheerios Oat Crunch Cinnamon Large Size Cereal (18.2 oz)\"", \""scanned_barcode\"": null}, {\""merchant_supplied_id\"": \""859547004190\"", \""display_name\"": \""Scrub Daddy Sponge Scrubber (4 ct)\"", \""scanned_barcode\"": null}, {\""merchant_supplied_id\"": \""715141514643\"", \""display_name\"": \""Eggland's Cage-Free Grade A Large Brown Eggs (12 ct)\"", \""scanned_barcode\"": null}, {\""merchant_supplied_id\"": \""310158850007\"", \""display_name\"": \""Sensodyne ProNamel Alpine Breeze Gentle Whitening Toothpaste (4 oz)\"", \""scanned_barcode\"": {\""code\"": \""310158850007\"", \""format\"": \""UPCA\""}}]""
  },
  {
    ""key"": ""url"",
    ""value"": ""\""https://img.cdn4dd.com/cdn-cgi/image/format=auto/https://doordash-static.s3.amazonaws.com/media/photosV2/3622a032-782c-4e3b-9dfe-bff8a2b7923b-retina-large.jpeg\""""
  },
  {
    ""key"": ""sanity_checks"",
    ""value"": ""{\""swipe_match\"": true, \""subtotal_match\"": true, \""tax_match\"": true, \""items_length_match\"": true, \""ok_ocr_name_deduping\"": true, \""item_price_reasonableness\"": true, \""weights_look_ok\"": true, \""bag_fee_max_price\"": true, \""bottle_fee_max_price\"": true, \""bag_fee_max_count\"": true, \""bottle_fee_max_count\"": true, \""tax_vs_subtotal_sanity_check\"": true, \""has_no_unknown_items\"": true, \""has_no_missing_items\"": true, \""delivery_discounts_are_nonzero\"": true}""
  },
  {
    ""key"": ""bottle_fee_info"",
    ""value"": ""{\""quantity\"": {\""value\"": 5.0}, \""price_per_unit\"": {\""unit_amount\"": 10, \""currency\"": \""USD\"", \""display_string\"": \""None0.10\"", \""decimal_places\"": 2, \""sign\"": null, \""symbol\"": null}, \""item_price\"": {\""unit_amount\"": 50, \""currency\"": \""USD\"", \""display_string\"": \""None0.50\"", \""decimal_places\"": 2, \""sign\"": null, \""symbol\"": null}, \""confidence_score\"": 1.0}""
  },
  {
    ""key"": ""delivery_uuid"",
    ""value"": ""\""f6c7b8dd-f26b-3001-b2f7-177148d9342c\""""
  },
  {
    ""key"": ""missing_item_info"",
    ""value"": ""[]""
  },
  {
    ""key"": ""tax_amount"",
    ""value"": ""{\""money\"": {\""unit_amount\"": 0, \""currency\"": \""USD\"", \""display_string\"": \""None0.00\"", \""decimal_places\"": 2, \""sign\"": null, \""symbol\"": null}, \""confidence_score\"": 1.0}""
  },
  {
    ""key"": ""confidence_score"",
    ""value"": ""1.0""
  },
  {
    ""key"": ""raw_blink_receipt"",
    ""value"": ""{\""banner_id\"": 73, \""barcode\"": \""0010426070924001000530\"", \""channel\"": {\""confidence\"": 100, \""value\"": \""Food\""}, \""date\"": {\""confidence\"": 99.94226837158203, \""value\"": \""09/07/2024\""}, \""isDigital\"": false, \""isFraudulent\"": false, \""is_blurry\"": false, \""is_instacart_shopper\"": false, \""is_receipt\"": true, \""is_screen\"": false, \""item_confidence\"": 99, \""last4cc\"": {\""confidence\"": 99.96307373046875, \""value\"": \""5923\""}, \""merchant_confidence\"": 100, \""merchant_name\"": \""Smart & Final\"", \""ocr_confidence\"": 99.4990463256836, \""paymentMethods\"": [{\""amount\"": {\""confidence\"": 0, \""value\"": 108.73}, \""cardType\"": {\""confidence\"": 100, \""value\"": \""Mastercard\""}, \""method\"": {\""confidence\"": 99.9803237915039, \""value\"": \""Credit\""}}], \""phones\"": [{\""confidence\"": 99.93486785888672, \""value\"": \""760-439-3489\""}], \""products\"": [{\""infoLines\"": [{\""line\"": 1010, \""text\"": {\""confidence\"": 100, \""value\"": \""4.30 lb @ 1.49 USD/lb\""}, \""type\"": {\""confidence\"": 100, \""value\"": \""Weight\""}}], \""line\"": 1009, \""price\"": {\""confidence\"": 0, \""value\"": 1.49}, \""price_postfix\"": \""F\"", \""qty\"": {\""confidence\"": 0, \""value\"": 4.3}, \""rsd\"": {\""confidence\"": 100, \""original_case_value\"": \""Sweet Potatoes\"", \""value\"": \""SWEET POTATOES\""}, \""totalPrice\"": {\""confidence\"": 0, \""value\"": 6.41}, \""uom\"": {\""confidence\"": 0, \""value\"": \""lb\""}}, {\""infoLines\"": [{\""line\"": 1012, \""text\"": {\""confidence\"": 100, \""value\"": \""5 @ 0.79\""}, \""type\"": {\""confidence\"": 100, \""value\"": \""Quantity\""}}], \""line\"": 1011, \""price\"": {\""confidence\"": 99.94598388671875, \""value\"": 0.79}, \""price_postfix\"": \""F\"", \""qty\"": {\""confidence\"": 0, \""value\"": 5}, \""rsd\"": {\""confidence\"": 99.94598388671875, \""original_case_value\"": \""Lemons\"", \""value\"": \""LEMONS\""}, \""totalPrice\"": {\""confidence\"": 0, \""value\"": 3.95}}, {\""line\"": 1015, \""price\"": {\""confidence\"": 99.97274017333984, \""value\"": 11.97}, \""price_postfix\"": \""F\"", \""qty\"": {\""confidence\"": 0, \""value\"": 1}, \""rsd\"": {\""confidence\"": 99.96255493164062, \""original_case_value\"": \""First Street Tilapia\"", \""value\"": \""FIRST STREET TILAPIA\""}, \""totalPrice\"": {\""confidence\"": 0, \""value\"": 11.97}}, {\""infoLines\"": [{\""line\"": 1017, \""text\"": {\""confidence\"": 100, \""value\"": \""Manual Weight\""}, \""type\"": {\""confidence\"": 100, \""value\"": \""\""}}, {\""line\"": 1018, \""text\"": {\""confidence\"": 100, \""value\"": \""4.57 lb @ 2.99 USD/lb\""}, \""type\"": {\""confidence\"": 100, \""value\"": \""Weight\""}}, {\""line\"": 1019, \""text\"": {\""confidence\"": 100, \""value\"": \""Regular Price 3.49 USD/lb\""}, \""type\"": {\""confidence\"": 100, \""value\"": \""\""}}], \""line\"": 1016, \""price\"": {\""confidence\"": 0, \""value\"": 2.99}, \""price_postfix\"": \""F\"", \""qty\"": {\""confidence\"": 0, \""value\"": 4.57}, \""rsd\"": {\""confidence\"": 100, \""original_case_value\"": \""FS Bnls Sknls Chicken B\"", \""value\"": \""FS BNLS SKNLS CHICKEN B\""}, \""totalPrice\"": {\""confidence\"": 0, \""value\"": 13.66}, \""uom\"": {\""confidence\"": 0, \""value\"": \""lb\""}}, {\""line\"": 1022, \""price\"": {\""confidence\"": 99.97489929199219, \""value\"": 5.49}, \""price_postfix\"": \""F\"", \""qty\"": {\""confidence\"": 0, \""value\"": 1}, \""rsd\"": {\""confidence\"": 99.98252868652344, \""original_case_value\"": \""Egglands Best Cage Free\"", \""value\"": \""EGGLANDS BEST CAGE FREE\""}, \""totalPrice\"": {\""confidence\"": 0, \""value\"": 5.49}}, {\""line\"": 1025, \""price\"": {\""confidence\"": 99.93897247314453, \""value\"": 5.69}, \""price_postfix\"": \""F\"", \""qty\"": {\""confidence\"": 0, \""value\"": 1}, \""rsd\"": {\""confidence\"": 99.94940185546875, \""original_case_value\"": \""Sourdough Large Round S\"", \""value\"": \""SOURDOUGH LARGE ROUND S\""}, \""totalPrice\"": {\""confidence\"": 0, \""value\"": 5.69}}, {\""line\"": 1028, \""price\"": {\""confidence\"": 99.98416900634766, \""value\"": 6.99}, \""price_postfix\"": \""F\"", \""qty\"": {\""confidence\"": 0, \""value\"": 1}, \""rsd\"": {\""confidence\"": 99.98624420166016, \""original_case_value\"": \""G Hughes Sugar Free Dip\"", \""value\"": \""G HUGHES SUGAR FREE DIP\""}, \""totalPrice\"": {\""confidence\"": 0, \""value\"": 6.99}}, {\""line\"": 1029, \""price\"": {\""confidence\"": 99.9097671508789, \""value\"": 6.99}, \""price_postfix\"": \""F\"", \""qty\"": {\""confidence\"": 0, \""value\"": 1}, \""rsd\"": {\""confidence\"": 99.9797134399414, \""original_case_value\"": \""G Hughes Sugar Free Dip\"", \""value\"": \""G HUGHES SUGAR FREE DIP\""}, \""totalPrice\"": {\""confidence\"": 0, \""value\"": 6.99}}, {\""line\"": 1030, \""price\"": {\""confidence\"": 99.90852355957031, \""value\"": 5.99}, \""price_postfix\"": \""F\"", \""qty\"": {\""confidence\"": 0, \""value\"": 1}, \""rsd\"": {\""confidence\"": 99.47517395019531, \""original_case_value\"": \""Chosen Avocado Oil Spra\"", \""value\"": \""CHOSEN AVOCADO OIL SPRA\""}, \""totalPrice\"": {\""confidence\"": 0, \""value\"": 5.99}}, {\""line\"": 1031, \""price\"": {\""confidence\"": 99.96553039550781, \""value\"": 6.49}, \""price_postfix\"": \""F\"", \""qty\"": {\""confidence\"": 0, \""value\"": 1}, \""rsd\"": {\""confidence\"": 99.95061492919922, \""original_case_value\"": \""GMI Oat Crunch Cinnamon\"", \""value\"": \""GMI OAT CRUNCH CINNAMON\""}, \""totalPrice\"": {\""confidence\"": 0, \""value\"": 6.49}}, {\""line\"": 1034, \""price\"": {\""confidence\"": 99.97865295410156, \""value\"": 6.99}, \""price_postfix\"": \""T\"", \""qty\"": {\""confidence\"": 0, \""value\"": 1}, \""rsd\"": {\""confidence\"": 99.99065399169922, \""original_case_value\"": \""Sponge Daddy\"", \""value\"": \""SPONGE DADDY\""}, \""totalPrice\"": {\""confidence\"": 0, \""value\"": 6.99}}, {\""line\"": 1035, \""price\"": {\""confidence\"": 99.89816284179688, \""value\"": 3.49}, \""price_postfix\"": \""T\"", \""qty\"": {\""confidence\"": 0, \""value\"": 1}, \""rsd\"": {\""confidence\"": 99.9748764038086, \""original_case_value\"": \""Febreze Air Soothe & Re\"", \""value\"": \""FEBREZE AIR SOOTHE & RE\""}, \""totalPrice\"": {\""confidence\"": 0, \""value\"": 3.49}}, {\""line\"": 1036, \""price\"": {\""confidence\"": 99.9493179321289, \""value\"": 4.49}, \""price_postfix\"": \""T\"", \""qty\"": {\""confidence\"": 0, \""value\"": 1}, \""rsd\"": {\""confidence\"": 99.9627456665039, \""original_case_value\"": \""Dawn Platinum EZ-Sqz Re\"", \""value\"": \""DAWN PLATINUM EZ-SQZ RE\""}, \""totalPrice\"": {\""confidence\"": 0, \""value\"": 4.49}}, {\""line\"": 1037, \""price\"": {\""confidence\"": 99.88202667236328, \""value\"": 5.99}, \""price_postfix\"": \""T\"", \""qty\"": {\""confidence\"": 0, \""value\"": 1}, \""rsd\"": {\""confidence\"": 99.95497131347656, \""original_case_value\"": \""Simply Value Towels\"", \""value\"": \""SIMPLY VALUE TOWELS\""}, \""totalPrice\"": {\""confidence\"": 0, \""value\"": 5.99}}, {\""line\"": 1038, \""price\"": {\""confidence\"": 99.96195220947266, \""value\"": 6.99}, \""price_postfix\"": \""T\"", \""qty\"": {\""confidence\"": 0, \""value\"": 1}, \""rsd\"": {\""confidence\"": 99.96817779541016, \""original_case_value\"": \""Sensodyne Pronamel Toot\"", \""value\"": \""SENSODYNE PRONAMEL TOOT\""}, \""totalPrice\"": {\""confidence\"": 0, \""value\"": 6.99}}, {\""line\"": 1041, \""price\"": {\""confidence\"": 99.98291015625, \""value\"": 1.25}, \""price_postfix\"": \""F\"", \""qty\"": {\""confidence\"": 0, \""value\"": 1}, \""rsd\"": {\""confidence\"": 99.98588562011719, \""original_case_value\"": \""First Street Water\"", \""value\"": \""FIRST STREET WATER\""}, \""totalPrice\"": {\""confidence\"": 0, \""value\"": 1.25}}, {\""line\"": 1042, \""price\"": {\""confidence\"": 99.97338104248047, \""value\"": 0.1}, \""price_postfix\"": \""* F\"", \""qty\"": {\""confidence\"": 0, \""value\"": 1}, \""rsd\"": {\""confidence\"": 99.96344757080078, \""original_case_value\"": \""CRV FOODSTAMP NONTAXAB\"", \""value\"": \""CRV FOODSTAMP NONTAXAB\""}, \""totalPrice\"": {\""confidence\"": 0, \""value\"": 0.1}}, {\""line\"": 1043, \""price\"": {\""confidence\"": 99.95599365234375, \""value\"": 1.25}, \""price_postfix\"": \""F\"", \""qty\"": {\""confidence\"": 0, \""value\"": 1}, \""rsd\"": {\""confidence\"": 99.9849853515625, \""original_case_value\"": \""First Street Water\"", \""value\"": \""FIRST STREET WATER\""}, \""totalPrice\"": {\""confidence\"": 0, \""value\"": 1.25}}, {\""line\"": 1044, \""price\"": {\""confidence\"": 99.980712890625, \""value\"": 0.1}, \""price_postfix\"": \""* F\"", \""qty\"": {\""confidence\"": 0, \""value\"": 1}, \""rsd\"": {\""confidence\"": 99.94029235839844, \""original_case_value\"": \""CRV FOODSTAMP NONTAXAB\"", \""value\"": \""CRV FOODSTAMP NONTAXAB\""}, \""totalPrice\"": {\""confidence\"": 0, \""value\"": 0.1}}, {\""line\"": 1045, \""price\"": {\""confidence\"": 99.98220825195312, \""value\"": 1.25}, \""price_postfix\"": \""F\"", \""qty\"": {\""confidence\"": 0, \""value\"": 1}, \""rsd\"": {\""confidence\"": 99.98284912109375, \""original_case_value\"": \""First Street Water\"", \""value\"": \""FIRST STREET WATER\""}, \""totalPrice\"": {\""confidence\"": 0, \""value\"": 1.25}}, {\""line\"": 1046, \""price\"": {\""confidence\"": 99.96493530273438, \""value\"": 0.1}, \""price_postfix\"": \""* F\"", \""qty\"": {\""confidence\"": 0, \""value\"": 1}, \""rsd\"": {\""confidence\"": 99.97602844238281, \""original_case_value\"": \""CRV FOODSTAMP NONTAXAB\"", \""value\"": \""CRV FOODSTAMP NONTAXAB\""}, \""totalPrice\"": {\""confidence\"": 0, \""value\"": 0.1}}, {\""line\"": 1047, \""price\"": {\""confidence\"": 99.95149993896484, \""value\"": 1.25}, \""price_postfix\"": \""F\"", \""qty\"": {\""confidence\"": 0, \""value\"": 1}, \""rsd\"": {\""confidence\"": 99.98131561279297, \""original_case_value\"": \""First Street Water\"", \""value\"": \""FIRST STREET WATER\""}, \""totalPrice\"": {\""confidence\"": 0, \""value\"": 1.25}}, {\""line\"": 1048, \""price\"": {\""confidence\"": 99.9652099609375, \""value\"": 0.1}, \""price_postfix\"": \""* F\"", \""qty\"": {\""confidence\"": 0, \""value\"": 1}, \""rsd\"": {\""confidence\"": 99.92561340332031, \""original_case_value\"": \""CRV FOODSTAMP NONTAXAB\"", \""value\"": \""CRV FOODSTAMP NONTAXAB\""}, \""totalPrice\"": {\""confidence\"": 0, \""value\"": 0.1}}, {\""line\"": 1049, \""price\"": {\""confidence\"": 99.98109436035156, \""value\"": 1.25}, \""price_postfix\"": \""F\"", \""qty\"": {\""confidence\"": 0, \""value\"": 1}, \""rsd\"": {\""confidence\"": 99.98087310791016, \""original_case_value\"": \""First Street Water\"", \""value\"": \""FIRST STREET WATER\""}, \""totalPrice\"": {\""confidence\"": 0, \""value\"": 1.25}}, {\""line\"": 1050, \""price\"": {\""confidence\"": 99.97817993164062, \""value\"": 0.1}, \""price_postfix\"": \""* F\"", \""qty\"": {\""confidence\"": 0, \""value\"": 1}, \""rsd\"": {\""confidence\"": 99.83863830566406, \""original_case_value\"": \""CRV FOODSTAMP NONTAXAB\"", \""value\"": \""CRV FOODSTAMP NONTAXAB\""}, \""totalPrice\"": {\""confidence\"": 0, \""value\"": 0.1}}, {\""infoLines\"": [{\""line\"": 1054, \""text\"": {\""confidence\"": 100, \""value\"": \""4 @ 0.10\""}, \""type\"": {\""confidence\"": 100, \""value\"": \""Quantity\""}}], \""line\"": 1053, \""price\"": {\""confidence\"": 99.9819107055664, \""value\"": 0.1}, \""qty\"": {\""confidence\"": 0, \""value\"": 4}, \""rsd\"": {\""confidence\"": 99.9819107055664, \""original_case_value\"": \""SFI Bag 4 Checkstand Re\"", \""value\"": \""SFI BAG 4 CHECKSTAND RE\""}, \""totalPrice\"": {\""confidence\"": 0, \""value\"": 0.4}}, {\""line\"": 1055, \""price\"": {\""confidence\"": 99.96354675292969, \""value\"": 0}, \""qty\"": {\""confidence\"": 0, \""value\"": 1}, \""rsd\"": {\""confidence\"": 99.99182891845703, \""original_case_value\"": \""Basket Verify\"", \""value\"": \""BASKET VERIFY\""}, \""totalPrice\"": {\""confidence\"": 0, \""value\"": 0}}], \""purchase_type\"": \""In-Store\"", \""raw_basket\"": \""Sweet Potatoes 6.41 F\\n4.30 lb @ 1.49 USD/lb\\nLemons 3.95 F\\n5 @ 0.79\\nFresh/Frozen Meat\\nFirst Street Tilapia 11.97 F\\nFS Bnls Sknls Chicken B 13.66 F\\nManual Weight\\n4.57 lb @ 2.99 USD/lb\\nRegular Price 3.49 USD/lb\\nDairy/Deli/Cheese\\nEgglands Best Cage Free 5.49 F\\nBakery/Bread/Tortillas\\nSourdough Large Round S 5.69 F\\nGrocery\\nG Hughes Sugar Free Dip 6.99 F\\nG Hughes Sugar Free Dip 6.99 F\\nChosen Avocado Oil Spra 5.99 F\\nGMI Oat Crunch Cinnamon 6.49 F\\nNon-Foods\\nSponge Daddy 6.99 T\\nFebreze Air Soothe & Re 3.49 T\\nDawn Platinum EZ-Sqz Re 4.49 T\\nSimply Value Towels 5.99 T\\nSensodyne Pronamel Toot 6.99 T\\nBeverage\\nFirst Street Water 1.25 F\\nCRV FOODSTAMP NONTAXAB 0.10* F\\nFirst Street Water 1.25 F\\nCRV FOODSTAMP NONTAXAB 0.10* F\\nFirst Street Water 1.25 F\\nCRV FOODSTAMP NONTAXAB 0.10* F\\nFirst Street Water 1.25 F\\nCRV FOODSTAMP NONTAXAB 0.10* F\\nFirst Street Water 1.25 F\\nCRV FOODSTAMP NONTAXAB 0.10* F\\nGeneral\\nSFI Bag 4 Checkstand Re 0.40\\n4 @ 0.10\\nBasket Verify 0.00\\n\"", \""raw_text_array\"": [\""Smart&Final.\\nWarehouse&Market F emd&Nelgnbar.\\n\\nStore 426\\n1737 OCEANSIDE BLVD\\n0CEANSIDE, CA 92054\\nTelephone (760) 439-3489\\n\\nProduce/Bulk/Floral\\nSweet Potatoes 6.41 F\\n4.30 lb @ 1.49 USD/lb\\nLemons 3.95 F\\n5 @ 0.79\\n\\nFresh/Frozen Meat\\nFirst Street Tilapia 11.97 F\\nFS Bnls Sknls Chicken B 13.66 F\\nManual Weight\\n4.57 lb @ 2.99 USD/lb\\nRegular Price 3.49 USD/lb\\n\\nDairy/Deli/Cheese\\nEgglands Best Cage Free 5.49 F\\n\\nBakery/Bread/Tortillas\\nSourdough Large Round S 5.69 F\\n\\nGrocery\\nG Hughes Sugar Free Dip 6.99 F\\nG Hughes Sugar Free Dip 6.99 F\\nChosen Avocado Oil Spra 5.99 F\\nGMI Oat Crunch Cinnamon 6.49 F\\n\\nNon-Foods\\nSponge Daddy 6.99 T\\nFebreze Air Soothe & Re 3.49 T\\nDawn Platinum EZ-Sqz Re 4.49 T\\nSimply Value Towels 5.99 T\\nSensodyne Pronamel Toot 6.99 T\\n\\nBeverage\\nFirst Street Water 1.25 F\\nCRV FOODSTAMP NONTAXAB 0.10* F\\nFirst Street Water 1.25 F\\nCRV FOODSTAMP NONTAXAB 0.10* F\\nFirst Street Water 1.25 F\\nCRV FOODSTAMP NONTAXAB 0.10* F\\nFirst Street Water 1.25 F\\nCRV FOODSTAMP NONTAXAB 0.10* F\\nFirst Street Water 1.25 F\\nCRV FOODSTAMP NONTAXAB 0.10* F\\n\\nGeneral\\nSFI Bag 4 Checkstand Re 0.40\\n4 @ 0.10\\nBasket Verify 0.00\\n-----------\\nSUBTOTAL 108.73\\n\\nTotal # Items Sold 29\\n\\n80.78 @ 0.000% = 0.00\\nTax 27.95 @ 0.000% = 0.00\\n-----------\\nTOTAL 108.73\\nMastercard 108.73\\n--------------------------------------\\n\"", \""Total # Items Sold 29\\n\\n80.78 @ 0.000% = 0.00\\nTax 27.95 @ 0.000% = 0.00\\n-----------\\nTOTAL 108.73\\nMastercard 108.73\\n--------------------------------------\\nPURCHASE $108.73\\n************5923 MC\\nSWIPED\\nREF#: 123573 APPROVED\\n--------------------------------------\\nSmart Advantage Card Holder: 47002250056\\nDoorDash G&C, LLC\\n--------------------\\nTotal Saved $2.29\\nItem Savings 2.29\\n--------------------\\n--------------------\\nLegend\\nT - taxable\\nF - food stamp eligible\\n* - non discountable\\n--------------------\\n0010426070924001000530\\n\\n\\nYou were served by: Assata\\nDate Time Store Term Opr Tran\\n09/07/24 09:06 PM 426 1 40047 0530\\n\\nThank you for shopping with us!\\n\\nComplete our survey and\\nenter for a chance to win a\\n$500 SMART & FINAL GIFT CARD\\nVisit www.smartandfinal.com/survey\\nwithin 7 days of this shop\\n\\nNow Hiring!\\nViSit www.smartandfinal.com/careers\\n\\nOne Trip & That's It\\n\"", \""\""], \""raw_trip_footer\"": \""-----------\\nSUBTOTAL 108.73\\nTotal # Items Sold 29\\n80.78 @ 0.000% = 0.00\\nTax 27.95 @ 0.000% = 0.00\\n-----------\\nTOTAL 108.73\\nMastercard 108.73\\n--------------------------------------\\nPURCHASE $108.73\\n************5923 MC\\nSWIPED\\nREF#: 123573 APPROVED\\n--------------------------------------\\nSmart Advantage Card Holder: 47002250056\\nDoorDash G&C, LLC\\n--------------------\\nTotal Saved $2.29\\nItem Savings 2.29\\n--------------------\\n--------------------\\nLegend\\nT - taxable\\nF - food stamp eligible\\n* - non discountable\\n--------------------\\n0010426070924001000530\\nYou were served by: Assata\\nDate Time Store Term Opr Tran\\n09/07/24 09:06 PM 426 1 40047 0530\\nThank you for shopping with us!\\nComplete our survey and\\nenter for a chance to win a\\n$500 SMART & FINAL GIFT CARD\\nVisit www.smartandfinal.com/survey\\nwithin 7 days of this shop\\nNow Hiring!\\nViSit www.smartandfinal.com/careers\\nOne Trip & That's It\\n\"", \""raw_trip_header\"": \""Smart&Final.\\nWarehouse&Market F emd&Nelgnbar.\\nStore 426\\n1737 OCEANSIDE BLVD\\n0CEANSIDE, CA 92054\\nTelephone (760) 439-3489\\nProduce/Bulk/Floral\\n\"", \""register\"": {\""confidence\"": 99.93675231933594, \""value\"": \""40047\""}, \""store\"": {\""confidence\"": 99.93675231933594, \""value\"": \""1\""}, \""store_city\"": {\""confidence\"": 100, \""value\"": \""Oceanside\""}, \""store_state\"": {\""confidence\"": 100, \""value\"": \""CA\""}, \""store_street\"": {\""confidence\"": 100, \""value\"": \""1737 Oceanside Blvd\""}, \""store_zip\"": {\""confidence\"": 100, \""value\"": \""92054\""}, \""subtotal\"": {\""confidence\"": 99.97566986083984, \""value\"": 108.73}, \""taxes\"": {\""confidence\"": 99.98389434814453, \""value\"": 0}, \""time\"": {\""confidence\"": 99.94226837158203, \""value\"": \""21:06\""}, \""total\"": {\""confidence\"": 100, \""value\"": 108.73}, \""transaction\"": {\""confidence\"": 99.93675231933594, \""value\"": \""0530\""}, \""trip_confidence\"": 100, \""blink_receipt_id\"": \""48e48009-d276-4b30-8e46-07ff1f8273b6\"", \""cashback\"": 0, \""image_urls\"": [\""https://img.cdn4dd.com/cdn-cgi/image/format=auto/https://doordash-static.s3.amazonaws.com/media/photosV2/3622a032-782c-4e3b-9dfe-bff8a2b7923b-retina-large.jpeg\""], \""country_code\"": \""US\"", \""api_version\"": 14}""
  }
]"
"[
  {
    ""key"": ""unmatched_item_info"",
    ""value"": ""[]""
  },
  {
    ""key"": ""embedding_matching_df"",
    ""value"": ""{\""HONEST KIDS DRINK\"": {\""Angus Choice Beef Top Round Steak Thin Cut (each)\"": 0.13625319423882665, \""Ground Beef 93% Lean (pack)\"": 0.1491821044302617, \""Zephyrhills Spring 100% Natural Spring Water Bottles (16.9 oz x 24 ct)\"": 0.315542020501866, \""Honest Kids Organic No Added Sugar Appley Ever After Organic Fruit Juice Pouches (6.75 fl oz x 8 ct)\"": 0.5432185254819591, \""Goya Dry Black Beans (14 oz)\"": 0.16449017057189816, \""Ironbeer Original 1917 Solf Drink (2 L)\"": 0.4043384078095008, \""USDA Choice Boneless Lean Beef Stew Meat (tray)\"": 0.1398889613441386, \""Jupina Pineapple Soda (12 oz)\"": 0.34856886137913107, \""Bag Fee\"": 0.0, \""Bottle Deposit aka CRV\"": 0.0, \""Unknown Item\"": 0.12416896547850824}, \""GOYA BEANS\"": {\""Angus Choice Beef Top Round Steak Thin Cut (each)\"": 0.2157053648430696, \""Ground Beef 93% Lean (pack)\"": 0.26674155677379935, \""Zephyrhills Spring 100% Natural Spring Water Bottles (16.9 oz x 24 ct)\"": 0.12677964661082616, \""Honest Kids Organic No Added Sugar Appley Ever After Organic Fruit Juice Pouches (6.75 fl oz x 8 ct)\"": 0.20820278694167815, \""Goya Dry Black Beans (14 oz)\"": 0.6874300549928426, \""Ironbeer Original 1917 Solf Drink (2 L)\"": 0.25712279837424784, \""USDA Choice Boneless Lean Beef Stew Meat (tray)\"": 0.2848897329736586, \""Jupina Pineapple Soda (12 oz)\"": 0.2695758471156648, \""Bag Fee\"": 0.23022605997636786, \""Bottle Deposit aka CRV\"": 0.15915197006922202, \""Unknown Item\"": 0.14475200679254513}, \""USDA CHOICE BEEF\"": {\""Angus Choice Beef Top Round Steak Thin Cut (each)\"": 0.5379316476108743, \""Ground Beef 93% Lean (pack)\"": 0.4891930745430733, \""Zephyrhills Spring 100% Natural Spring Water Bottles (16.9 oz x 24 ct)\"": 0.17600448281728215, \""Honest Kids Organic No Added Sugar Appley Ever After Organic Fruit Juice Pouches (6.75 fl oz x 8 ct)\"": 0.19622796987802707, \""Goya Dry Black Beans (14 oz)\"": 0.274891940112876, \""Ironbeer Original 1917 Solf Drink (2 L)\"": 0.1909865022969444, \""USDA Choice Boneless Lean Beef Stew Meat (tray)\"": 0.6734015056864767, \""Jupina Pineapple Soda (12 oz)\"": 0.21006124416590238, \""Bag Fee\"": 0.0, \""Bottle Deposit aka CRV\"": 0.0, \""Unknown Item\"": 0.20261290339449992}, \""ZEPHYRHILLS WATER\"": {\""Angus Choice Beef Top Round Steak Thin Cut (each)\"": 0.1230008687351981, \""Ground Beef 93% Lean (pack)\"": 0.16849500014226285, \""Zephyrhills Spring 100% Natural Spring Water Bottles (16.9 oz x 24 ct)\"": 0.6443944497994248, \""Honest Kids Organic No Added Sugar Appley Ever After Organic Fruit Juice Pouches (6.75 fl oz x 8 ct)\"": 0.29672895422229184, \""Goya Dry Black Beans (14 oz)\"": 0.19017777206049913, \""Ironbeer Original 1917 Solf Drink (2 L)\"": 0.36743278968552767, \""USDA Choice Boneless Lean Beef Stew Meat (tray)\"": 0.18150515564129044, \""Jupina Pineapple Soda (12 oz)\"": 0.3578607673554883, \""Bag Fee\"": 0.0, \""Bottle Deposit aka CRV\"": 0.0, \""Unknown Item\"": 0.15528185839880745}, \""USDA CHCE STW MEAT\"": {\""Angus Choice Beef Top Round Steak Thin Cut (each)\"": 0.392808500062256, \""Ground Beef 93% Lean (pack)\"": 0.42839651216959956, \""Zephyrhills Spring 100% Natural Spring Water Bottles (16.9 oz x 24 ct)\"": 0.18564459050504933, \""Honest Kids Organic No Added Sugar Appley Ever After Organic Fruit Juice Pouches (6.75 fl oz x 8 ct)\"": 0.22903962063659566, \""Goya Dry Black Beans (14 oz)\"": 0.24110157365840645, \""Ironbeer Original 1917 Solf Drink (2 L)\"": 0.14422305727741175, \""USDA Choice Boneless Lean Beef Stew Meat (tray)\"": 0.6124180992514401, \""Jupina Pineapple Soda (12 oz)\"": 0.19123840485533705, \""Bag Fee\"": 0.0, \""Bottle Deposit aka CRV\"": 0.0, \""Unknown Item\"": 0.24522377995748335}, \""93% GROUND BEEF\"": {\""Angus Choice Beef Top Round Steak Thin Cut (each)\"": 0.36715044284637727, \""Ground Beef 93% Lean (pack)\"": 0.6701553650047924, \""Zephyrhills Spring 100% Natural Spring Water Bottles (16.9 oz x 24 ct)\"": 0.16932768531535816, \""Honest Kids Organic No Added Sugar Appley Ever After Organic Fruit Juice Pouches (6.75 fl oz x 8 ct)\"": 0.13914483566853655, \""Goya Dry Black Beans (14 oz)\"": 0.2637487508734727, \""Ironbeer Original 1917 Solf Drink (2 L)\"": 0.19273280284189365, \""USDA Choice Boneless Lean Beef Stew Meat (tray)\"": 0.4691481668569499, \""Jupina Pineapple Soda (12 oz)\"": 0.18748825970652228, \""Bag Fee\"": 0.0, \""Bottle Deposit aka CRV\"": 0.0, \""Unknown Item\"": 0.17328869422894733}, \""JUPINA SODA\"": {\""Angus Choice Beef Top Round Steak Thin Cut (each)\"": 0.13561224947300143, \""Ground Beef 93% Lean (pack)\"": 0.11612078024867012, \""Zephyrhills Spring 100% Natural Spring Water Bottles (16.9 oz x 24 ct)\"": 0.3293043882787854, \""Honest Kids Organic No Added Sugar Appley Ever After Organic Fruit Juice Pouches (6.75 fl oz x 8 ct)\"": 0.39887831530451484, \""Goya Dry Black Beans (14 oz)\"": 0.23790823152321458, \""Ironbeer Original 1917 Solf Drink (2 L)\"": 0.5291857772433309, \""USDA Choice Boneless Lean Beef Stew Meat (tray)\"": 0.15801721547054356, \""Jupina Pineapple Soda (12 oz)\"": 0.755574332331271, \""Bag Fee\"": 0.0, \""Bottle Deposit aka CRV\"": 0.0, \""Unknown Item\"": 0.1610442856692467}, \""IRONBEER SOFT DRNK\"": {\""Angus Choice Beef Top Round Steak Thin Cut (each)\"": 0.21344516492317978, \""Ground Beef 93% Lean (pack)\"": 0.24909363888848382, \""Zephyrhills Spring 100% Natural Spring Water Bottles (16.9 oz x 24 ct)\"": 0.2835467239071253, \""Honest Kids Organic No Added Sugar Appley Ever After Organic Fruit Juice Pouches (6.75 fl oz x 8 ct)\"": 0.30692233988751527, \""Goya Dry Black Beans (14 oz)\"": 0.24238352254096918, \""Ironbeer Original 1917 Solf Drink (2 L)\"": 0.6436773908981492, \""USDA Choice Boneless Lean Beef Stew Meat (tray)\"": 0.2295928079313863, \""Jupina Pineapple Soda (12 oz)\"": 0.4002281437715532, \""Bag Fee\"": 0.0, \""Bottle Deposit aka CRV\"": 0.0, \""Unknown Item\"": 0.20702364386510994}, \""Unknown Item\"": {\""Angus Choice Beef Top Round Steak Thin Cut (each)\"": 0.1902541086581951, \""Ground Beef 93% Lean (pack)\"": 0.21744023340890606, \""Zephyrhills Spring 100% Natural Spring Water Bottles (16.9 oz x 24 ct)\"": 0.1257392784224872, \""Honest Kids Organic No Added Sugar Appley Ever After Organic Fruit Juice Pouches (6.75 fl oz x 8 ct)\"": 0.17588943811640312, \""Goya Dry Black Beans (14 oz)\"": 0.16362865261412718, \""Ironbeer Original 1917 Solf Drink (2 L)\"": 0.19111134855255138, \""USDA Choice Boneless Lean Beef Stew Meat (tray)\"": 0.2471801358735956, \""Jupina Pineapple Soda (12 oz)\"": 0.20078061746326256, \""Bag Fee\"": 0.30045181350725836, \""Bottle Deposit aka CRV\"": 0.21779990495262982, \""Unknown Item\"": 0.9990009990989842}}""
  },
  {
    ""key"": ""total_amount"",
    ""value"": ""{\""money\"": {\""unit_amount\"": 5617, \""currency\"": \""USD\"", \""display_string\"": \""None56.17\"", \""decimal_places\"": 2, \""sign\"": null, \""symbol\"": null}, \""confidence_score\"": 1.0}""
  },
  {
    ""key"": ""discount_amount"",
    ""value"": ""{\""money\"": {\""unit_amount\"": 0, \""currency\"": \""USD\"", \""display_string\"": \""None0.00\"", \""decimal_places\"": 2, \""sign\"": null, \""symbol\"": null}, \""confidence_score\"": 1.0}""
  },
  {
    ""key"": ""business_id"",
    ""value"": ""929613""
  },
  {
    ""key"": ""subtotal_amount"",
    ""value"": ""{\""money\"": {\""unit_amount\"": 5554, \""currency\"": \""USD\"", \""display_string\"": \""None55.54\"", \""decimal_places\"": 2, \""sign\"": null, \""symbol\"": null}, \""confidence_score\"": 1.0}""
  },
  {
    ""key"": ""tax_confidence_score"",
    ""value"": ""1.0""
  },
  {
    ""key"": ""matched_item_info"",
    ""value"": ""[{\""merchant_supplied_id\"": \""0065762281584\"", \""display_name\"": \""Honest Kids Organic No Added Sugar Appley Ever After Organic Fruit Juice Pouches (6.75 fl oz x 8 ct)\"", \""ocr_description\"": \""HONEST KIDS DRINK\"", \""quantity\"": {\""value\"": 1.0}, \""price_per_unit\"": {\""unit_amount\"": 459, \""currency\"": \""USD\"", \""display_string\"": \""None4.59\"", \""decimal_places\"": 2, \""sign\"": null, \""symbol\"": null}, \""item_price\"": {\""unit_amount\"": 459, \""currency\"": \""USD\"", \""display_string\"": \""None4.59\"", \""decimal_places\"": 2, \""sign\"": null, \""symbol\"": null}, \""non_discount_price_per_unit\"": {\""unit_amount\"": 0, \""currency\"": \""USD\"", \""display_string\"": \""None0.00\"", \""decimal_places\"": 2, \""sign\"": null, \""symbol\"": null}, \""non_discount_item_price\"": {\""unit_amount\"": 0, \""currency\"": \""USD\"", \""display_string\"": \""None0.00\"", \""decimal_places\"": 2, \""sign\"": null, \""symbol\"": null}, \""sold_by_weight\"": false, \""confidence_score\"": 1.0}, {\""merchant_supplied_id\"": \""0004133102309\"", \""display_name\"": \""Goya Dry Black Beans (14 oz)\"", \""ocr_description\"": \""GOYA BEANS\"", \""quantity\"": {\""value\"": 1.0}, \""price_per_unit\"": {\""unit_amount\"": 148, \""currency\"": \""USD\"", \""display_string\"": \""None1.48\"", \""decimal_places\"": 2, \""sign\"": null, \""symbol\"": null}, \""item_price\"": {\""unit_amount\"": 148, \""currency\"": \""USD\"", \""display_string\"": \""None1.48\"", \""decimal_places\"": 2, \""sign\"": null, \""symbol\"": null}, \""non_discount_price_per_unit\"": {\""unit_amount\"": 0, \""currency\"": \""USD\"", \""display_string\"": \""None0.00\"", \""decimal_places\"": 2, \""sign\"": null, \""symbol\"": null}, \""non_discount_item_price\"": {\""unit_amount\"": 0, \""currency\"": \""USD\"", \""display_string\"": \""None0.00\"", \""decimal_places\"": 2, \""sign\"": null, \""symbol\"": null}, \""sold_by_weight\"": false, \""confidence_score\"": 1.0}, {\""merchant_supplied_id\"": \""0026399400000\"", \""display_name\"": \""USDA Choice Boneless Lean Beef Stew Meat (tray)\"", \""ocr_description\"": \""USDA CHOICE BEEF\"", \""quantity\"": {\""value\"": 2.54}, \""price_per_unit\"": {\""unit_amount\"": 748, \""currency\"": \""USD\"", \""display_string\"": \""None7.48\"", \""decimal_places\"": 2, \""sign\"": null, \""symbol\"": null}, \""item_price\"": {\""unit_amount\"": 1900, \""currency\"": \""USD\"", \""display_string\"": \""None19.00\"", \""decimal_places\"": 2, \""sign\"": null, \""symbol\"": null}, \""non_discount_price_per_unit\"": {\""unit_amount\"": 0, \""currency\"": \""USD\"", \""display_string\"": \""None0.00\"", \""decimal_places\"": 2, \""sign\"": null, \""symbol\"": null}, \""non_discount_item_price\"": {\""unit_amount\"": 0, \""currency\"": \""USD\"", \""display_string\"": \""None0.00\"", \""decimal_places\"": 2, \""sign\"": null, \""symbol\"": null}, \""sold_by_weight\"": true, \""confidence_score\"": 1.0}, {\""merchant_supplied_id\"": \""0007343005544\"", \""display_name\"": \""Zephyrhills Spring 100% Natural Spring Water Bottles (16.9 oz x 24 ct)\"", \""ocr_description\"": \""ZEPHYRHILLS WATER\"", \""quantity\"": {\""value\"": 1.0}, \""price_per_unit\"": {\""unit_amount\"": 649, \""currency\"": \""USD\"", \""display_string\"": \""None6.49\"", \""decimal_places\"": 2, \""sign\"": null, \""symbol\"": null}, \""item_price\"": {\""unit_amount\"": 649, \""currency\"": \""USD\"", \""display_string\"": \""None6.49\"", \""decimal_places\"": 2, \""sign\"": null, \""symbol\"": null}, \""non_discount_price_per_unit\"": {\""unit_amount\"": 0, \""currency\"": \""USD\"", \""display_string\"": \""None0.00\"", \""decimal_places\"": 2, \""sign\"": null, \""symbol\"": null}, \""non_discount_item_price\"": {\""unit_amount\"": 0, \""currency\"": \""USD\"", \""display_string\"": \""None0.00\"", \""decimal_places\"": 2, \""sign\"": null, \""symbol\"": null}, \""sold_by_weight\"": false, \""confidence_score\"": 1.0}, {\""merchant_supplied_id\"": \""0020237200000\"", \""display_name\"": \""Angus Choice Beef Top Round Steak Thin Cut (each)\"", \""ocr_description\"": \""USDA CHCE STW MEAT\"", \""quantity\"": {\""value\"": 1.41}, \""price_per_unit\"": {\""unit_amount\"": 698, \""currency\"": \""USD\"", \""display_string\"": \""None6.98\"", \""decimal_places\"": 2, \""sign\"": null, \""symbol\"": null}, \""item_price\"": {\""unit_amount\"": 984, \""currency\"": \""USD\"", \""display_string\"": \""None9.84\"", \""decimal_places\"": 2, \""sign\"": null, \""symbol\"": null}, \""non_discount_price_per_unit\"": {\""unit_amount\"": 0, \""currency\"": \""USD\"", \""display_string\"": \""None0.00\"", \""decimal_places\"": 2, \""sign\"": null, \""symbol\"": null}, \""non_discount_item_price\"": {\""unit_amount\"": 0, \""currency\"": \""USD\"", \""display_string\"": \""None0.00\"", \""decimal_places\"": 2, \""sign\"": null, \""symbol\"": null}, \""sold_by_weight\"": true, \""confidence_score\"": 1.0}, {\""merchant_supplied_id\"": \""0024370300000\"", \""display_name\"": \""Ground Beef 93% Lean (pack)\"", \""ocr_description\"": \""93% GROUND BEEF\"", \""quantity\"": {\""value\"": 1.0}, \""price_per_unit\"": {\""unit_amount\"": 966, \""currency\"": \""USD\"", \""display_string\"": \""None9.66\"", \""decimal_places\"": 2, \""sign\"": null, \""symbol\"": null}, \""item_price\"": {\""unit_amount\"": 966, \""currency\"": \""USD\"", \""display_string\"": \""None9.66\"", \""decimal_places\"": 2, \""sign\"": null, \""symbol\"": null}, \""non_discount_price_per_unit\"": {\""unit_amount\"": 0, \""currency\"": \""USD\"", \""display_string\"": \""None0.00\"", \""decimal_places\"": 2, \""sign\"": null, \""symbol\"": null}, \""non_discount_item_price\"": {\""unit_amount\"": 0, \""currency\"": \""USD\"", \""display_string\"": \""None0.00\"", \""decimal_places\"": 2, \""sign\"": null, \""symbol\"": null}, \""sold_by_weight\"": false, \""confidence_score\"": 1.0}, {\""merchant_supplied_id\"": \""0007718674005\"", \""display_name\"": \""Jupina Pineapple Soda (12 oz)\"", \""ocr_description\"": \""JUPINA SODA\"", \""quantity\"": {\""value\"": 1.0}, \""price_per_unit\"": {\""unit_amount\"": 209, \""currency\"": \""USD\"", \""display_string\"": \""None2.09\"", \""decimal_places\"": 2, \""sign\"": null, \""symbol\"": null}, \""item_price\"": {\""unit_amount\"": 209, \""currency\"": \""USD\"", \""display_string\"": \""None2.09\"", \""decimal_places\"": 2, \""sign\"": null, \""symbol\"": null}, \""non_discount_price_per_unit\"": {\""unit_amount\"": 0, \""currency\"": \""USD\"", \""display_string\"": \""None0.00\"", \""decimal_places\"": 2, \""sign\"": null, \""symbol\"": null}, \""non_discount_item_price\"": {\""unit_amount\"": 0, \""currency\"": \""USD\"", \""display_string\"": \""None0.00\"", \""decimal_places\"": 2, \""sign\"": null, \""symbol\"": null}, \""sold_by_weight\"": false, \""confidence_score\"": 1.0}, {\""merchant_supplied_id\"": \""0007546310667\"", \""display_name\"": \""Ironbeer Original 1917 Solf Drink (2 L)\"", \""ocr_description\"": \""IRONBEER SOFT DRNK\"", \""quantity\"": {\""value\"": 1.0}, \""price_per_unit\"": {\""unit_amount\"": 239, \""currency\"": \""USD\"", \""display_string\"": \""None2.39\"", \""decimal_places\"": 2, \""sign\"": null, \""symbol\"": null}, \""item_price\"": {\""unit_amount\"": 239, \""currency\"": \""USD\"", \""display_string\"": \""None2.39\"", \""decimal_places\"": 2, \""sign\"": null, \""symbol\"": null}, \""non_discount_price_per_unit\"": {\""unit_amount\"": 0, \""currency\"": \""USD\"", \""display_string\"": \""None0.00\"", \""decimal_places\"": 2, \""sign\"": null, \""symbol\"": null}, \""non_discount_item_price\"": {\""unit_amount\"": 0, \""currency\"": \""USD\"", \""display_string\"": \""None0.00\"", \""decimal_places\"": 2, \""sign\"": null, \""symbol\"": null}, \""sold_by_weight\"": false, \""confidence_score\"": 1.0}]""
  },
  {
    ""key"": ""bag_fee_info"",
    ""value"": ""{\""quantity\"": {\""value\"": 0}, \""price_per_unit\"": {\""unit_amount\"": 0, \""currency\"": \""USD\"", \""display_string\"": \""None0.00\"", \""decimal_places\"": 2, \""sign\"": null, \""symbol\"": null}, \""item_price\"": {\""unit_amount\"": 0, \""currency\"": \""USD\"", \""display_string\"": \""None0.00\"", \""decimal_places\"": 2, \""sign\"": null, \""symbol\"": null}, \""confidence_score\"": 1.0}""
  },
  {
    ""key"": ""blink_items_df"",
    ""value"": ""{\""ocr_description\"": {\""0\"": \""HONEST KIDS DRINK\"", \""1\"": \""GOYA BEANS\"", \""2\"": \""USDA CHOICE BEEF\"", \""3\"": \""ZEPHYRHILLS WATER\"", \""4\"": \""USDA CHCE STW MEAT\"", \""5\"": \""93% GROUND BEEF\"", \""6\"": \""JUPINA SODA\"", \""7\"": \""IRONBEER SOFT DRNK\"", \""8\"": \""discount_cents\"", \""9\"": \""subtotal_cents\"", \""10\"": \""total_tax_cents\"", \""11\"": \""total_cents\""}, \""quantity\"": {\""0\"": 1.0, \""1\"": 1.0, \""2\"": 2.54, \""3\"": 1.0, \""4\"": 1.41, \""5\"": 1.0, \""6\"": 1.0, \""7\"": 1.0, \""8\"": NaN, \""9\"": NaN, \""10\"": NaN, \""11\"": NaN}, \""price_per_unit_cents\"": {\""0\"": 459.0, \""1\"": 148.0, \""2\"": 748.0, \""3\"": 649.0, \""4\"": 698.0, \""5\"": 966.0, \""6\"": 209.0, \""7\"": 239.0, \""8\"": NaN, \""9\"": NaN, \""10\"": NaN, \""11\"": NaN}, \""item_price_cents\"": {\""0\"": 459, \""1\"": 148, \""2\"": 1900, \""3\"": 649, \""4\"": 984, \""5\"": 966, \""6\"": 209, \""7\"": 239, \""8\"": 0, \""9\"": 5554, \""10\"": 63, \""11\"": 5617}}""
  },
  {
    ""key"": ""input_swipe_amount"",
    ""value"": ""5617""
  },
  {
    ""key"": ""is_legible"",
    ""value"": ""true""
  },
  {
    ""key"": ""input_item_info"",
    ""value"": ""[{\""merchant_supplied_id\"": \""0020237200000\"", \""display_name\"": \""Angus Choice Beef Top Round Steak Thin Cut (each)\"", \""scanned_barcode\"": {\""code\"": \""202372012180\"", \""format\"": \""UPCA\""}}, {\""merchant_supplied_id\"": \""0024370300000\"", \""display_name\"": \""Ground Beef 93% Lean (pack)\"", \""scanned_barcode\"": {\""code\"": \""243703008946\"", \""format\"": \""UPCA\""}}, {\""merchant_supplied_id\"": \""0007343005544\"", \""display_name\"": \""Zephyrhills Spring 100% Natural Spring Water Bottles (16.9 oz x 24 ct)\"", \""scanned_barcode\"": {\""code\"": \""073430055445\"", \""format\"": \""UPCA\""}}, {\""merchant_supplied_id\"": \""0065762281584\"", \""display_name\"": \""Honest Kids Organic No Added Sugar Appley Ever After Organic Fruit Juice Pouches (6.75 fl oz x 8 ct)\"", \""scanned_barcode\"": {\""code\"": \""657622815842\"", \""format\"": \""UPCA\""}}, {\""merchant_supplied_id\"": \""0004133102309\"", \""display_name\"": \""Goya Dry Black Beans (14 oz)\"", \""scanned_barcode\"": {\""code\"": \""041331023092\"", \""format\"": \""UPCA\""}}, {\""merchant_supplied_id\"": \""0007546310667\"", \""display_name\"": \""Ironbeer Original 1917 Solf Drink (2 L)\"", \""scanned_barcode\"": {\""code\"": \""075463106675\"", \""format\"": \""UPCA\""}}, {\""merchant_supplied_id\"": \""0026399400000\"", \""display_name\"": \""USDA Choice Boneless Lean Beef Stew Meat (tray)\"", \""scanned_barcode\"": {\""code\"": \""263994014075\"", \""format\"": \""UPCA\""}}, {\""merchant_supplied_id\"": \""0007718674005\"", \""display_name\"": \""Jupina Pineapple Soda (12 oz)\"", \""scanned_barcode\"": {\""code\"": \""077186740051\"", \""format\"": \""UPCA\""}}]""
  },
  {
    ""key"": ""url"",
    ""value"": ""\""https://img.cdn4dd.com/cdn-cgi/image/format=auto/https://doordash-static.s3.amazonaws.com/media/photosV2/3833ff6f-4981-48b6-9b19-2fe84a7cff63-retina-large.jpeg\""""
  },
  {
    ""key"": ""sanity_checks"",
    ""value"": ""{\""swipe_match\"": true, \""subtotal_match\"": true, \""tax_match\"": true, \""items_length_match\"": true, \""ok_ocr_name_deduping\"": true, \""item_price_reasonableness\"": true, \""weights_look_ok\"": true, \""bag_fee_max_price\"": true, \""bottle_fee_max_price\"": true, \""bag_fee_max_count\"": true, \""bottle_fee_max_count\"": true, \""tax_vs_subtotal_sanity_check\"": true, \""has_no_unknown_items\"": true, \""has_no_missing_items\"": true, \""delivery_discounts_are_nonzero\"": true}""
  },
  {
    ""key"": ""bottle_fee_info"",
    ""value"": ""{\""quantity\"": {\""value\"": 0}, \""price_per_unit\"": {\""unit_amount\"": 0, \""currency\"": \""USD\"", \""display_string\"": \""None0.00\"", \""decimal_places\"": 2, \""sign\"": null, \""symbol\"": null}, \""item_price\"": {\""unit_amount\"": 0, \""currency\"": \""USD\"", \""display_string\"": \""None0.00\"", \""decimal_places\"": 2, \""sign\"": null, \""symbol\"": null}, \""confidence_score\"": 1.0}""
  },
  {
    ""key"": ""delivery_uuid"",
    ""value"": ""\""08aacc25-9280-3001-88ba-32e503cbca0f\""""
  },
  {
    ""key"": ""missing_item_info"",
    ""value"": ""[]""
  },
  {
    ""key"": ""tax_amount"",
    ""value"": ""{\""money\"": {\""unit_amount\"": 63, \""currency\"": \""USD\"", \""display_string\"": \""None0.63\"", \""decimal_places\"": 2, \""sign\"": null, \""symbol\"": null}, \""confidence_score\"": 1.0}""
  },
  {
    ""key"": ""confidence_score"",
    ""value"": ""1.0""
  },
  {
    ""key"": ""raw_blink_receipt"",
    ""value"": ""{\""banner_id\"": 7666, \""barcode\"": \""44240907027000200971529035100000\"", \""cardTypeFromAID\"": true, \""channel\"": {\""confidence\"": 100, \""value\"": \""Food\""}, \""date\"": {\""confidence\"": 99.98043060302734, \""value\"": \""09/07/2024\""}, \""isDigital\"": false, \""isFraudulent\"": false, \""is_blurry\"": false, \""is_instacart_shopper\"": false, \""is_receipt\"": true, \""is_screen\"": false, \""item_confidence\"": 100, \""last4cc\"": {\""confidence\"": 99.98744201660156, \""value\"": \""2996\""}, \""merchant_confidence\"": 99, \""merchant_name\"": \""FRESCO Y MAS\"", \""ocr_confidence\"": 99.16802215576172, \""paymentMethods\"": [{\""amount\"": {\""confidence\"": 0, \""value\"": 56.17}, \""cardType\"": {\""confidence\"": 100, \""value\"": \""Mastercard\""}, \""method\"": {\""confidence\"": 99.98506164550781, \""value\"": \""Credit\""}}], \""phones\"": [{\""confidence\"": 99.99101257324219, \""value\"": \""305-828-0812\""}], \""products\"": [{\""line\"": 1010, \""price\"": {\""confidence\"": 99.98863983154297, \""value\"": 4.59}, \""price_postfix\"": \""B\"", \""qty\"": {\""confidence\"": 0, \""value\"": 1}, \""rsd\"": {\""confidence\"": 99.98863983154297, \""original_case_value\"": \""Honest Kids Drink\"", \""value\"": \""HONEST KIDS DRINK\""}, \""totalPrice\"": {\""confidence\"": 0, \""value\"": 4.59}}, {\""infoLines\"": [{\""line\"": 1012, \""text\"": {\""confidence\"": 100, \""value\"": \""You save ($0.51)\""}, \""type\"": {\""confidence\"": 100, \""value\"": \""\""}}], \""line\"": 1011, \""price\"": {\""confidence\"": 99.98431396484375, \""value\"": 1.48}, \""price_postfix\"": \""F\"", \""qty\"": {\""confidence\"": 0, \""value\"": 1}, \""rsd\"": {\""confidence\"": 99.97957611083984, \""original_case_value\"": \""Goya Beans\"", \""value\"": \""GOYA BEANS\""}, \""totalPrice\"": {\""confidence\"": 0, \""value\"": 1.48}}, {\""infoLines\"": [{\""line\"": 1014, \""text\"": {\""confidence\"": 100, \""value\"": \""1.22 lbs @ $7.48/lb\""}, \""type\"": {\""confidence\"": 100, \""value\"": \""Weight\""}}, {\""line\"": 1015, \""text\"": {\""confidence\"": 100, \""value\"": \""You save ($3.05)\""}, \""type\"": {\""confidence\"": 100, \""value\"": \""\""}}], \""line\"": 1013, \""price\"": {\""confidence\"": 0, \""value\"": 7.48}, \""price_postfix\"": \""F\"", \""qty\"": {\""confidence\"": 0, \""value\"": 1.22}, \""rsd\"": {\""confidence\"": 100, \""original_case_value\"": \""USDA Choice Beef\"", \""value\"": \""USDA CHOICE BEEF\""}, \""totalPrice\"": {\""confidence\"": 0, \""value\"": 9.13}, \""uom\"": {\""confidence\"": 0, \""value\"": \""lb\""}}, {\""infoLines\"": [{\""line\"": 1017, \""text\"": {\""confidence\"": 100, \""value\"": \""1.32 lbs @ $7.48/lb\""}, \""type\"": {\""confidence\"": 100, \""value\"": \""Weight\""}}, {\""line\"": 1018, \""text\"": {\""confidence\"": 100, \""value\"": \""You save ($3.30)\""}, \""type\"": {\""confidence\"": 100, \""value\"": \""\""}}], \""line\"": 1016, \""price\"": {\""confidence\"": 0, \""value\"": 7.48}, \""price_postfix\"": \""F\"", \""qty\"": {\""confidence\"": 0, \""value\"": 1.32}, \""rsd\"": {\""confidence\"": 100, \""original_case_value\"": \""USDA Choice Beef\"", \""value\"": \""USDA CHOICE BEEF\""}, \""totalPrice\"": {\""confidence\"": 0, \""value\"": 9.87}, \""uom\"": {\""confidence\"": 0, \""value\"": \""lb\""}}, {\""infoLines\"": [{\""line\"": 1020, \""text\"": {\""confidence\"": 100, \""value\"": \""You save ($0.50)\""}, \""type\"": {\""confidence\"": 100, \""value\"": \""\""}}], \""line\"": 1019, \""price\"": {\""confidence\"": 99.96968841552734, \""value\"": 6.49}, \""price_postfix\"": \""F\"", \""qty\"": {\""confidence\"": 0, \""value\"": 1}, \""rsd\"": {\""confidence\"": 99.93402862548828, \""original_case_value\"": \""Zephyrhills Water\"", \""value\"": \""ZEPHYRHILLS WATER\""}, \""totalPrice\"": {\""confidence\"": 0, \""value\"": 6.49}}, {\""infoLines\"": [{\""line\"": 1022, \""text\"": {\""confidence\"": 100, \""value\"": \""1.41 lbs @ $6.98/lb\""}, \""type\"": {\""confidence\"": 100, \""value\"": \""Weight\""}}, {\""line\"": 1023, \""text\"": {\""confidence\"": 100, \""value\"": \""You save ($4.23)\""}, \""type\"": {\""confidence\"": 100, \""value\"": \""\""}}], \""line\"": 1021, \""price\"": {\""confidence\"": 0, \""value\"": 6.98}, \""price_postfix\"": \""F\"", \""qty\"": {\""confidence\"": 0, \""value\"": 1.41}, \""rsd\"": {\""confidence\"": 100, \""original_case_value\"": \""USDA Chce Stw Meat\"", \""value\"": \""USDA CHCE STW MEAT\""}, \""totalPrice\"": {\""confidence\"": 0, \""value\"": 9.84}, \""uom\"": {\""confidence\"": 0, \""value\"": \""lb\""}}, {\""line\"": 1024, \""price\"": {\""confidence\"": 99.98829650878906, \""value\"": 9.66}, \""price_postfix\"": \""F\"", \""qty\"": {\""confidence\"": 0, \""value\"": 1}, \""rsd\"": {\""confidence\"": 99.98829650878906, \""original_case_value\"": \""93% Ground Beef\"", \""value\"": \""93% GROUND BEEF\""}, \""totalPrice\"": {\""confidence\"": 0, \""value\"": 9.66}}, {\""line\"": 1025, \""price\"": {\""confidence\"": 99.98564910888672, \""value\"": 2.09}, \""price_postfix\"": \""B\"", \""qty\"": {\""confidence\"": 0, \""value\"": 1}, \""rsd\"": {\""confidence\"": 99.98564910888672, \""original_case_value\"": \""Jupina Soda\"", \""value\"": \""JUPINA SODA\""}, \""totalPrice\"": {\""confidence\"": 0, \""value\"": 2.09}}, {\""line\"": 1026, \""price\"": {\""confidence\"": 99.97871398925781, \""value\"": 2.39}, \""price_postfix\"": \""B\"", \""qty\"": {\""confidence\"": 0, \""value\"": 1}, \""rsd\"": {\""confidence\"": 99.97871398925781, \""original_case_value\"": \""Ironbeer Soft Drnk\"", \""value\"": \""IRONBEER SOFT DRNK\""}, \""totalPrice\"": {\""confidence\"": 0, \""value\"": 2.39}}], \""purchase_type\"": \""In-Store\"", \""raw_basket\"": \""Honest Kids Drink $4.59 $4.59 B\\nGoya Beans $1.99 $1.48 F\\nYou save ($0.51)\\nUSDA Choice Beef $12.18 $9.13 F\\n1.22 lbs @ $7.48/lb\\nYou save ($3.05)\\nUSDA Choice Beef $13.17 $9.87 F\\n1.32 lbs @ $7.48/lb\\nYou save ($3.30)\\nZephyrhills Water $6.99 $6.49 F\\nYou save ($0.50)\\nUSDA Chce Stw Meat $14.07 $9.84 F\\n1.41 lbs @ $6.98/lb\\nYou save ($4.23)\\n93% Ground Beef $9.66 $9.66 F\\nJupina Soda $2.09 $2.09 B\\nIronbeer Soft Drnk $2.39 $2.39 B\\n\"", \""raw_text_array\"": [\""2750 W. 68TH ST., STE. 201, HIALEAH, FL\\nStore (305) 828-0812\\n09/07/24 9:13pm 0270 002 351\\nStore Manager: LICET\\nYour Cashier: KENIA\\n\\n\\n44240907027000200971529035100000\\n\\nReg You Pay\\nHonest Kids Drink $4.59 $4.59 B\\nGoya Beans $1.99 $1.48 F\\nYou save ($0.51)\\nUSDA Choice Beef $12.18 $9.13 F\\n1.22 lbs @ $7.48/lb\\nYou save ($3.05)\\nUSDA Choice Beef $13.17 $9.87 F\\n1.32 lbs @ $7.48/lb\\nYou save ($3.30)\\nZephyrhills Water $6.99 $6.49 F\\nYou save ($0.50)\\nUSDA Chce Stw Meat $14.07 $9.84 F\\n1.41 lbs @ $6.98/lb\\nYou save ($4.23)\\n93% Ground Beef $9.66 $9.66 F\\nJupina Soda $2.09 $2.09 B\\nIronbeer Soft Drnk $2.39 $2.39 B\\n\\nTotal number of items sold = 9\\n\\nSubtotal $55.54\\nTax $0.63\\nTotal due $56.17\\nMastercard total $56.17\\nMASTERCARD ************2996\\nAPPROVAL CODE 908924 SEQ #: 27876\\nAID A0000000041010\\nChange $0.00\\nSavings summary (ending In 0004)\\nrewardssavings Coupon savings Totalsavtngs\\n$11.59 $0 $11.59\\n\\nThank you for shopping your local Fresco y Mas!\\n\""], \""raw_trip_footer\"": \""Total number of items sold = 9\\nSubtotal $55.54\\nTax $0.63\\nTotal due $56.17\\nMastercard total $56.17\\nMASTERCARD ************2996\\nAPPROVAL CODE 908924 SEQ #: 27876\\nAID A0000000041010\\nChange $0.00\\nSavings summary (ending In 0004)\\nrewardssavings Coupon savings Totalsavtngs\\n$11.59 $0 $11.59\\nThank you for shopping your local Fresco y Mas!\\n\"", \""raw_trip_header\"": \""2750 W. 68TH ST., STE. 201, HIALEAH, FL\\nStore (305) 828-0812\\n09/07/24 9:13pm 0270 002 351\\nStore Manager: LICET\\nYour Cashier: KENIA\\n44240907027000200971529035100000\\nReg You Pay\\n\"", \""register\"": {\""confidence\"": 99.98043060302734, \""value\"": \""002\""}, \""store\"": {\""confidence\"": 99.98043060302734, \""value\"": \""270\""}, \""store_city\"": {\""confidence\"": 99.96420288085938, \""value\"": \""HIALEAH\""}, \""store_state\"": {\""confidence\"": 99.96420288085938, \""value\"": \""FL\""}, \""store_street\"": {\""confidence\"": 99.96420288085938, \""value\"": \""2750 W. 68TH ST., STE. 201\""}, \""subtotal\"": {\""confidence\"": 99.97733306884766, \""value\"": 55.54}, \""taxes\"": {\""confidence\"": 99.98570251464844, \""value\"": 0.63}, \""time\"": {\""confidence\"": 99.98043060302734, \""value\"": \""21:13\""}, \""total\"": {\""confidence\"": 100, \""value\"": 56.17}, \""transaction\"": {\""confidence\"": 99.98043060302734, \""value\"": \""351\""}, \""trip_confidence\"": 100, \""blink_receipt_id\"": \""241660f7-9c8f-4f06-95f8-6f72676092c4\"", \""cashback\"": 0, \""image_urls\"": [\""https://img.cdn4dd.com/cdn-cgi/image/format=auto/https://doordash-static.s3.amazonaws.com/media/photosV2/3833ff6f-4981-48b6-9b19-2fe84a7cff63-retina-large.jpeg\""], \""country_code\"": \""US\"", \""api_version\"": 14}""
  }
]"
"[
  {
    ""key"": ""unmatched_item_info"",
    ""value"": ""[]""
  },
  {
    ""key"": ""embedding_matching_df"",
    ""value"": ""{\""ARTICHOKES\"": {\""Sweet Loren's Chocolate Lover's Cookie Dough (12 oz)\"": 0.23921843803250883, \""Ginger Root (each)\"": 0.2974967845131718, \""Sprouts 1 qt Double Zipper Freezer Bags (19 ct)\"": 0.22785624695132786, \""Yellow Onion (each)\"": 0.2682243616376622, \""Monterey Mushrooms Organic Whole Baby Bella Mushrooms (16 oz)\"": 0.3045502938619032, \""YumEarth Giggles Chewy Candy Sour (5 oz)\"": 0.22440211333905818, \""Unreal Dark Chocolate Peanut Butter Cups (4.2 oz)\"": 0.21282359941503826, \""Organic Broccolette\"": 0.37682091894218234, \""YUMEARTH Organic Chewys Fruit Chews (5 oz)\"": 0.27672172606762246, \""Olipop Crisp Apple Sparkling Tonic (12 oz)\"": 0.2025955056363542, \""Artichoke\"": 0.7996276263871307, \""Organic Italian Squash (each)\"": 0.3476945296160665, \""Martinelli's Organic Gold Medal Apple Cider Honeycrisp (33.8 oz)\"": 0.24761643157000604, \""Organic Cauliflower (each)\"": 0.3269453676204753, \""Organic And Sugar Free Steak Sauce (8.5 oz)\"": 0.22422392441606698, \""Sprouts Organic Garlic Powder (2.12 oz)\"": 0.2711073586887955, \""Organic Acorn Squash (each)\"": 0.29940353172129514, \""Sprouts Double Zipper Sandwich Food Bags (40 ct)\"": 0.18271468966452634, \""Organic Turmeric (bag)\"": 0.25205629340475116, \""Organic Gala Apple (each)\"": 0.25414068614082935, \""Jovial Grain-Free Cassava Fusilli Pasta (8 oz)\"": 0.2706559120879415, \""Bag Fee\"": 0.0, \""Bottle Deposit aka CRV\"": 0.0, \""Unknown Item\"": 0.22281619257715335}, \""CAULIFLOWER\"": {\""Sweet Loren's Chocolate Lover's Cookie Dough (12 oz)\"": 0.2393088805745442, \""Ginger Root (each)\"": 0.3250967218804387, \""Sprouts 1 qt Double Zipper Freezer Bags (19 ct)\"": 0.2759496464124855, \""Yellow Onion (each)\"": 0.33052164416129304, \""Monterey Mushrooms Organic Whole Baby Bella Mushrooms (16 oz)\"": 0.3178075796167025, \""YumEarth Giggles Chewy Candy Sour (5 oz)\"": 0.21027131168429908, \""Unreal Dark Chocolate Peanut Butter Cups (4.2 oz)\"": 0.21299744757712058, \""Organic Broccolette\"": 0.4515404586905779, \""YUMEARTH Organic Chewys Fruit Chews (5 oz)\"": 0.22007615269033856, \""Olipop Crisp Apple Sparkling Tonic (12 oz)\"": 0.19868908424731535, \""Artichoke\"": 0.5011423088513707, \""Organic Italian Squash (each)\"": 0.38050233897945096, \""Martinelli's Organic Gold Medal Apple Cider Honeycrisp (33.8 oz)\"": 0.18398697545354853, \""Organic Cauliflower (each)\"": 0.618597548212191, \""Organic And Sugar Free Steak Sauce (8.5 oz)\"": 0.22561057901311363, \""Sprouts Organic Garlic Powder (2.12 oz)\"": 0.32104465055474624, \""Organic Acorn Squash (each)\"": 0.35552393609741245, \""Sprouts Double Zipper Sandwich Food Bags (40 ct)\"": 0.2219866086859625, \""Organic Turmeric (bag)\"": 0.3067644723102509, \""Organic Gala Apple (each)\"": 0.289310505954291, \""Jovial Grain-Free Cassava Fusilli Pasta (8 oz)\"": 0.3619509409915211, \""Bag Fee\"": 0.0, \""Bottle Deposit aka CRV\"": 0.0, \""Unknown Item\"": 0.20830315849962697}, \""GINGER ROOT\"": {\""Sweet Loren's Chocolate Lover's Cookie Dough (12 oz)\"": 0.1756260995486163, \""Ginger Root (each)\"": 0.7347264661488114, \""Sprouts 1 qt Double Zipper Freezer Bags (19 ct)\"": 0.1806920618626924, \""Yellow Onion (each)\"": 0.30361678580404045, \""Monterey Mushrooms Organic Whole Baby Bella Mushrooms (16 oz)\"": 0.21849745353037814, \""YumEarth Giggles Chewy Candy Sour (5 oz)\"": 0.2632227004965459, \""Unreal Dark Chocolate Peanut Butter Cups (4.2 oz)\"": 0.17823061943910734, \""Organic Broccolette\"": 0.2783828040446962, \""YUMEARTH Organic Chewys Fruit Chews (5 oz)\"": 0.27925626854731683, \""Olipop Crisp Apple Sparkling Tonic (12 oz)\"": 0.24684714240639885, \""Artichoke\"": 0.30435254722716165, \""Organic Italian Squash (each)\"": 0.23227279548769036, \""Martinelli's Organic Gold Medal Apple Cider Honeycrisp (33.8 oz)\"": 0.25958144221781776, \""Organic Cauliflower (each)\"": 0.24564252200262135, \""Organic And Sugar Free Steak Sauce (8.5 oz)\"": 0.2504801312493267, \""Sprouts Organic Garlic Powder (2.12 oz)\"": 0.3305365785948944, \""Organic Acorn Squash (each)\"": 0.2450759531607645, \""Sprouts Double Zipper Sandwich Food Bags (40 ct)\"": 0.16928314523563717, \""Organic Turmeric (bag)\"": 0.41846637067275244, \""Organic Gala Apple (each)\"": 0.24174148278126123, \""Jovial Grain-Free Cassava Fusilli Pasta (8 oz)\"": 0.2491884904409634, \""Bag Fee\"": 0.0, \""Bottle Deposit aka CRV\"": 0.0, \""Unknown Item\"": 0.18541865602238347}, \""ORG ACORN SQUASH\"": {\""Sweet Loren's Chocolate Lover's Cookie Dough (12 oz)\"": 0.22004827943331268, \""Ginger Root (each)\"": 0.30861176628758524, \""Sprouts 1 qt Double Zipper Freezer Bags (19 ct)\"": 0.28216194752056856, \""Yellow Onion (each)\"": 0.33573866171392724, \""Monterey Mushrooms Organic Whole Baby Bella Mushrooms (16 oz)\"": 0.317024293770838, \""YumEarth Giggles Chewy Candy Sour (5 oz)\"": 0.21396179868692, \""Unreal Dark Chocolate Peanut Butter Cups (4.2 oz)\"": 0.20022553544870053, \""Organic Broccolette\"": 0.42201103689614283, \""YUMEARTH Organic Chewys Fruit Chews (5 oz)\"": 0.2518048574507882, \""Olipop Crisp Apple Sparkling Tonic (12 oz)\"": 0.22547944874267747, \""Artichoke\"": 0.4041402316491025, \""Organic Italian Squash (each)\"": 0.5453527353250945, \""Martinelli's Organic Gold Medal Apple Cider Honeycrisp (33.8 oz)\"": 0.2837774001459202, \""Organic Cauliflower (each)\"": 0.3658769191692778, \""Organic And Sugar Free Steak Sauce (8.5 oz)\"": 0.24642655288850557, \""Sprouts Organic Garlic Powder (2.12 oz)\"": 0.31073832942067414, \""Organic Acorn Squash (each)\"": 0.6380382355765111, \""Sprouts Double Zipper Sandwich Food Bags (40 ct)\"": 0.2190142480027053, \""Organic Turmeric (bag)\"": 0.2945137882350993, \""Organic Gala Apple (each)\"": 0.3613906923225571, \""Jovial Grain-Free Cassava Fusilli Pasta (8 oz)\"": 0.29000342638529814, \""Bag Fee\"": 0.0, \""Bottle Deposit aka CRV\"": 0.0, \""Unknown Item\"": 0.1871949753391873}, \""ORG BABY BELLA MSHRM\"": {\""Sweet Loren's Chocolate Lover's Cookie Dough (12 oz)\"": 0.19369995965113496, \""Ginger Root (each)\"": 0.19970629048886288, \""Sprouts 1 qt Double Zipper Freezer Bags (19 ct)\"": 0.15089585879682083, \""Yellow Onion (each)\"": 0.15975402507904618, \""Monterey Mushrooms Organic Whole Baby Bella Mushrooms (16 oz)\"": 0.2774017446763308, \""YumEarth Giggles Chewy Candy Sour (5 oz)\"": 0.19538374457964794, \""Unreal Dark Chocolate Peanut Butter Cups (4.2 oz)\"": 0.14961041422631677, \""Organic Broccolette\"": 0.2174677408327075, \""YUMEARTH Organic Chewys Fruit Chews (5 oz)\"": 0.1896203435943913, \""Olipop Crisp Apple Sparkling Tonic (12 oz)\"": 0.16050632279440546, \""Artichoke\"": 0.15442847579238572, \""Organic Italian Squash (each)\"": 0.17908204997788543, \""Martinelli's Organic Gold Medal Apple Cider Honeycrisp (33.8 oz)\"": 0.17625680163212085, \""Organic Cauliflower (each)\"": 0.1703507833465006, \""Organic And Sugar Free Steak Sauce (8.5 oz)\"": 0.14533897952171032, \""Sprouts Organic Garlic Powder (2.12 oz)\"": 0.1800966756309091, \""Organic Acorn Squash (each)\"": 0.15646043017434738, \""Sprouts Double Zipper Sandwich Food Bags (40 ct)\"": 0.13215803879078072, \""Organic Turmeric (bag)\"": 0.15062889443141206, \""Organic Gala Apple (each)\"": 0.24318581941630943, \""Jovial Grain-Free Cassava Fusilli Pasta (8 oz)\"": 0.17037581457412587, \""Bag Fee\"": 0.0, \""Bottle Deposit aka CRV\"": 0.0, \""Unknown Item\"": 0.16867107782593171}, \""ORG ITALIAN SQUASH\"": {\""Sweet Loren's Chocolate Lover's Cookie Dough (12 oz)\"": 0.20482136867050094, \""Ginger Root (each)\"": 0.24880650035129934, \""Sprouts 1 qt Double Zipper Freezer Bags (19 ct)\"": 0.27239136300893063, \""Yellow Onion (each)\"": 0.29802871298160694, \""Monterey Mushrooms Organic Whole Baby Bella Mushrooms (16 oz)\"": 0.3071410163235626, \""YumEarth Giggles Chewy Candy Sour (5 oz)\"": 0.18772481791696585, \""Unreal Dark Chocolate Peanut Butter Cups (4.2 oz)\"": 0.18184948987330668, \""Organic Broccolette\"": 0.40216010679937986, \""YUMEARTH Organic Chewys Fruit Chews (5 oz)\"": 0.22968950698341822, \""Olipop Crisp Apple Sparkling Tonic (12 oz)\"": 0.19229654142775982, \""Artichoke\"": 0.39156716748067044, \""Organic Italian Squash (each)\"": 0.6553799170206163, \""Martinelli's Organic Gold Medal Apple Cider Honeycrisp (33.8 oz)\"": 0.2443330048165243, \""Organic Cauliflower (each)\"": 0.3244656519161844, \""Organic And Sugar Free Steak Sauce (8.5 oz)\"": 0.23277024896240692, \""Sprouts Organic Garlic Powder (2.12 oz)\"": 0.2892474600035503, \""Organic Acorn Squash (each)\"": 0.4839738652948362, \""Sprouts Double Zipper Sandwich Food Bags (40 ct)\"": 0.2122919149381395, \""Organic Turmeric (bag)\"": 0.2510076858919533, \""Organic Gala Apple (each)\"": 0.29130503522677037, \""Jovial Grain-Free Cassava Fusilli Pasta (8 oz)\"": 0.33881582091879053, \""Bag Fee\"": 0.0, \""Bottle Deposit aka CRV\"": 0.0, \""Unknown Item\"": 0.1849491781314371}, \""ORG TURMERIC BAG\"": {\""Sweet Loren's Chocolate Lover's Cookie Dough (12 oz)\"": 0.22298413810709314, \""Ginger Root (each)\"": 0.40758579942644063, \""Sprouts 1 qt Double Zipper Freezer Bags (19 ct)\"": 0.3255671711622294, \""Yellow Onion (each)\"": 0.29075212709575676, \""Monterey Mushrooms Organic Whole Baby Bella Mushrooms (16 oz)\"": 0.30672738865912363, \""YumEarth Giggles Chewy Candy Sour (5 oz)\"": 0.29220827619024353, \""Unreal Dark Chocolate Peanut Butter Cups (4.2 oz)\"": 0.26627277509234437, \""Organic Broccolette\"": 0.35352389850079424, \""YUMEARTH Organic Chewys Fruit Chews (5 oz)\"": 0.38005844769376373, \""Olipop Crisp Apple Sparkling Tonic (12 oz)\"": 0.23473475259787416, \""Artichoke\"": 0.2493932319487118, \""Organic Italian Squash (each)\"": 0.33796026139187746, \""Martinelli's Organic Gold Medal Apple Cider Honeycrisp (33.8 oz)\"": 0.27284525968916246, \""Organic Cauliflower (each)\"": 0.3491346679263182, \""Organic And Sugar Free Steak Sauce (8.5 oz)\"": 0.3030883754838939, \""Sprouts Organic Garlic Powder (2.12 oz)\"": 0.40064661823584774, \""Organic Acorn Squash (each)\"": 0.3473053747425376, \""Sprouts Double Zipper Sandwich Food Bags (40 ct)\"": 0.3285508666673187, \""Organic Turmeric (bag)\"": 0.7558628130493008, \""Organic Gala Apple (each)\"": 0.32046936782527846, \""Jovial Grain-Free Cassava Fusilli Pasta (8 oz)\"": 0.3102251607041629, \""Bag Fee\"": 0.0, \""Bottle Deposit aka CRV\"": 0.0, \""Unknown Item\"": 0.23178143089940045}, \""ORGANIC BROCCOLETTE\"": {\""Sweet Loren's Chocolate Lover's Cookie Dough (12 oz)\"": 0.268723966354847, \""Ginger Root (each)\"": 0.2762896084718545, \""Sprouts 1 qt Double Zipper Freezer Bags (19 ct)\"": 0.3503050344889628, \""Yellow Onion (each)\"": 0.2863429724682534, \""Monterey Mushrooms Organic Whole Baby Bella Mushrooms (16 oz)\"": 0.43004485221647354, \""YumEarth Giggles Chewy Candy Sour (5 oz)\"": 0.23670610131050074, \""Unreal Dark Chocolate Peanut Butter Cups (4.2 oz)\"": 0.2459059259606893, \""Organic Broccolette\"": 0.8245561182619424, \""YUMEARTH Organic Chewys Fruit Chews (5 oz)\"": 0.341075512794029, \""Olipop Crisp Apple Sparkling Tonic (12 oz)\"": 0.22907852308419158, \""Artichoke\"": 0.4278390659865224, \""Organic Italian Squash (each)\"": 0.4882843169186691, \""Martinelli's Organic Gold Medal Apple Cider Honeycrisp (33.8 oz)\"": 0.30195044487847117, \""Organic Cauliflower (each)\"": 0.5338894620115002, \""Organic And Sugar Free Steak Sauce (8.5 oz)\"": 0.3436571528802698, \""Sprouts Organic Garlic Powder (2.12 oz)\"": 0.4386218526445926, \""Organic Acorn Squash (each)\"": 0.43605411054552495, \""Sprouts Double Zipper Sandwich Food Bags (40 ct)\"": 0.2758765558044633, \""Organic Turmeric (bag)\"": 0.4129474856795733, \""Organic Gala Apple (each)\"": 0.409601911196813, \""Jovial Grain-Free Cassava Fusilli Pasta (8 oz)\"": 0.3625759934705133, \""Bag Fee\"": 0.0, \""Bottle Deposit aka CRV\"": 0.0, \""Unknown Item\"": 0.18638631375908443}, \""ORGANIC GALA APPLES\"": {\""Sweet Loren's Chocolate Lover's Cookie Dough (12 oz)\"": 0.2617187764066501, \""Ginger Root (each)\"": 0.31462204752605955, \""Sprouts 1 qt Double Zipper Freezer Bags (19 ct)\"": 0.3064715165770829, \""Yellow Onion (each)\"": 0.330901263306529, \""Monterey Mushrooms Organic Whole Baby Bella Mushrooms (16 oz)\"": 0.3966452010289083, \""YumEarth Giggles Chewy Candy Sour (5 oz)\"": 0.3514313367364711, \""Unreal Dark Chocolate Peanut Butter Cups (4.2 oz)\"": 0.28640718924104064, \""Organic Broccolette\"": 0.48245039795594835, \""YUMEARTH Organic Chewys Fruit Chews (5 oz)\"": 0.4509180435993693, \""Olipop Crisp Apple Sparkling Tonic (12 oz)\"": 0.36558315390169605, \""Artichoke\"": 0.2999952140256664, \""Organic Italian Squash (each)\"": 0.4547804784717388, \""Martinelli's Organic Gold Medal Apple Cider Honeycrisp (33.8 oz)\"": 0.5209087981984721, \""Organic Cauliflower (each)\"": 0.4588805530692799, \""Organic And Sugar Free Steak Sauce (8.5 oz)\"": 0.38030794922114586, \""Sprouts Organic Garlic Powder (2.12 oz)\"": 0.36232312363901653, \""Organic Acorn Squash (each)\"": 0.48473414589808583, \""Sprouts Double Zipper Sandwich Food Bags (40 ct)\"": 0.26797031687730705, \""Organic Turmeric (bag)\"": 0.367949566884076, \""Organic Gala Apple (each)\"": 0.7636043286866045, \""Jovial Grain-Free Cassava Fusilli Pasta (8 oz)\"": 0.30976646791239504, \""Bag Fee\"": 0.0, \""Bottle Deposit aka CRV\"": 0.0, \""Unknown Item\"": 0.21732256486170867}, \""YELLOW ONIONS\"": {\""Sweet Loren's Chocolate Lover's Cookie Dough (12 oz)\"": 0.20289386857125088, \""Ginger Root (each)\"": 0.33480591870884724, \""Sprouts 1 qt Double Zipper Freezer Bags (19 ct)\"": 0.2605618225644034, \""Yellow Onion (each)\"": 0.6231103341770848, \""Monterey Mushrooms Organic Whole Baby Bella Mushrooms (16 oz)\"": 0.2955481348726847, \""YumEarth Giggles Chewy Candy Sour (5 oz)\"": 0.2720915480370669, \""Unreal Dark Chocolate Peanut Butter Cups (4.2 oz)\"": 0.2093873903150541, \""Organic Broccolette\"": 0.3279238824167187, \""YUMEARTH Organic Chewys Fruit Chews (5 oz)\"": 0.2713807794188452, \""Olipop Crisp Apple Sparkling Tonic (12 oz)\"": 0.23817978273368312, \""Artichoke\"": 0.3211751797052646, \""Organic Italian Squash (each)\"": 0.34789054187678603, \""Martinelli's Organic Gold Medal Apple Cider Honeycrisp (33.8 oz)\"": 0.2531412978383253, \""Organic Cauliflower (each)\"": 0.3146627209323866, \""Organic And Sugar Free Steak Sauce (8.5 oz)\"": 0.24423439039815148, \""Sprouts Organic Garlic Powder (2.12 oz)\"": 0.3147733488744773, \""Organic Acorn Squash (each)\"": 0.3415351849499723, \""Sprouts Double Zipper Sandwich Food Bags (40 ct)\"": 0.2328132432597159, \""Organic Turmeric (bag)\"": 0.2958449334203854, \""Organic Gala Apple (each)\"": 0.2928004535318674, \""Jovial Grain-Free Cassava Fusilli Pasta (8 oz)\"": 0.236158196515384, \""Bag Fee\"": 0.19870588510080262, \""Bottle Deposit aka CRV\"": 0.1231985670945199, \""Unknown Item\"": 0.2186717283527702}, \""CASSAVA FUSILLI\"": {\""Sweet Loren's Chocolate Lover's Cookie Dough (12 oz)\"": 0.2898749649832471, \""Ginger Root (each)\"": 0.26539041101122396, \""Sprouts 1 qt Double Zipper Freezer Bags (19 ct)\"": 0.2271910745124363, \""Yellow Onion (each)\"": 0.21741289544208622, \""Monterey Mushrooms Organic Whole Baby Bella Mushrooms (16 oz)\"": 0.24848700284277522, \""YumEarth Giggles Chewy Candy Sour (5 oz)\"": 0.21252357786044448, \""Unreal Dark Chocolate Peanut Butter Cups (4.2 oz)\"": 0.23738954779306115, \""Organic Broccolette\"": 0.35223233206793453, \""YUMEARTH Organic Chewys Fruit Chews (5 oz)\"": 0.26693569156261027, \""Olipop Crisp Apple Sparkling Tonic (12 oz)\"": 0.21518135348657555, \""Artichoke\"": 0.3389647504563762, \""Organic Italian Squash (each)\"": 0.3411845385368408, \""Martinelli's Organic Gold Medal Apple Cider Honeycrisp (33.8 oz)\"": 0.2459904404644966, \""Organic Cauliflower (each)\"": 0.2943348602940564, \""Organic And Sugar Free Steak Sauce (8.5 oz)\"": 0.2672932660215446, \""Sprouts Organic Garlic Powder (2.12 oz)\"": 0.2642926640076371, \""Organic Acorn Squash (each)\"": 0.2618982596483429, \""Sprouts Double Zipper Sandwich Food Bags (40 ct)\"": 0.2239821143476522, \""Organic Turmeric (bag)\"": 0.24711422409412823, \""Organic Gala Apple (each)\"": 0.21952537108323394, \""Jovial Grain-Free Cassava Fusilli Pasta (8 oz)\"": 0.6234427937006952, \""Bag Fee\"": 0.0, \""Bottle Deposit aka CRV\"": 0.0, \""Unknown Item\"": 0.16038024883182422}, \""DRK CHOC PB CUPS\"": {\""Sweet Loren's Chocolate Lover's Cookie Dough (12 oz)\"": 0.44084625588204623, \""Ginger Root (each)\"": 0.2614303510403292, \""Sprouts 1 qt Double Zipper Freezer Bags (19 ct)\"": 0.276403307291807, \""Yellow Onion (each)\"": 0.20498149599102364, \""Monterey Mushrooms Organic Whole Baby Bella Mushrooms (16 oz)\"": 0.242476024521379, \""YumEarth Giggles Chewy Candy Sour (5 oz)\"": 0.3196324448077762, \""Unreal Dark Chocolate Peanut Butter Cups (4.2 oz)\"": 0.6165483333779156, \""Organic Broccolette\"": 0.24542011133645175, \""YUMEARTH Organic Chewys Fruit Chews (5 oz)\"": 0.35791552751730754, \""Olipop Crisp Apple Sparkling Tonic (12 oz)\"": 0.25565129747152365, \""Artichoke\"": 0.22401836969656955, \""Organic Italian Squash (each)\"": 0.21800480085057056, \""Martinelli's Organic Gold Medal Apple Cider Honeycrisp (33.8 oz)\"": 0.25211699353571027, \""Organic Cauliflower (each)\"": 0.20239535818458926, \""Organic And Sugar Free Steak Sauce (8.5 oz)\"": 0.2674813363011009, \""Sprouts Organic Garlic Powder (2.12 oz)\"": 0.22602724120756576, \""Organic Acorn Squash (each)\"": 0.24302289379703798, \""Sprouts Double Zipper Sandwich Food Bags (40 ct)\"": 0.27953997816567355, \""Organic Turmeric (bag)\"": 0.22646755746087288, \""Organic Gala Apple (each)\"": 0.20733955853376543, \""Jovial Grain-Free Cassava Fusilli Pasta (8 oz)\"": 0.2942185251681165, \""Bag Fee\"": 0.0, \""Bottle Deposit aka CRV\"": 0.0, \""Unknown Item\"": 0.18417038842791988}, \""ORG GARLIC POWDER\"": {\""Sweet Loren's Chocolate Lover's Cookie Dough (12 oz)\"": 0.30639600965548847, \""Ginger Root (each)\"": 0.4107330847706902, \""Sprouts 1 qt Double Zipper Freezer Bags (19 ct)\"": 0.28737303923236956, \""Yellow Onion (each)\"": 0.38590504747387044, \""Monterey Mushrooms Organic Whole Baby Bella Mushrooms (16 oz)\"": 0.34162188967627516, \""YumEarth Giggles Chewy Candy Sour (5 oz)\"": 0.2771681024093207, \""Unreal Dark Chocolate Peanut Butter Cups (4.2 oz)\"": 0.24178263239356623, \""Organic Broccolette\"": 0.34806397325129845, \""YUMEARTH Organic Chewys Fruit Chews (5 oz)\"": 0.2873928789460758, \""Olipop Crisp Apple Sparkling Tonic (12 oz)\"": 0.24134127906948383, \""Artichoke\"": 0.32507958732549375, \""Organic Italian Squash (each)\"": 0.308245946097107, \""Martinelli's Organic Gold Medal Apple Cider Honeycrisp (33.8 oz)\"": 0.27457398532922656, \""Organic Cauliflower (each)\"": 0.31584826227388074, \""Organic And Sugar Free Steak Sauce (8.5 oz)\"": 0.3484470840257288, \""Sprouts Organic Garlic Powder (2.12 oz)\"": 0.6322098451845517, \""Organic Acorn Squash (each)\"": 0.3032767635221322, \""Sprouts Double Zipper Sandwich Food Bags (40 ct)\"": 0.2597628373577928, \""Organic Turmeric (bag)\"": 0.38543947152807184, \""Organic Gala Apple (each)\"": 0.2869188859472722, \""Jovial Grain-Free Cassava Fusilli Pasta (8 oz)\"": 0.33097819737837897, \""Bag Fee\"": 0.0, \""Bottle Deposit aka CRV\"": 0.0, \""Unknown Item\"": 0.20868176202450298}, \""ORG HONEYCRISP CIDER\"": {\""Sweet Loren's Chocolate Lover's Cookie Dough (12 oz)\"": 0.2671768443444795, \""Ginger Root (each)\"": 0.2994222382823138, \""Sprouts 1 qt Double Zipper Freezer Bags (19 ct)\"": 0.25410164112050015, \""Yellow Onion (each)\"": 0.30091915017821674, \""Monterey Mushrooms Organic Whole Baby Bella Mushrooms (16 oz)\"": 0.27602799379558424, \""YumEarth Giggles Chewy Candy Sour (5 oz)\"": 0.3116406238470668, \""Unreal Dark Chocolate Peanut Butter Cups (4.2 oz)\"": 0.24817498366893484, \""Organic Broccolette\"": 0.3177717917659334, \""YUMEARTH Organic Chewys Fruit Chews (5 oz)\"": 0.3324484300492157, \""Olipop Crisp Apple Sparkling Tonic (12 oz)\"": 0.474651098766008, \""Artichoke\"": 0.2386516560855556, \""Organic Italian Squash (each)\"": 0.29410700018094044, \""Martinelli's Organic Gold Medal Apple Cider Honeycrisp (33.8 oz)\"": 0.5794498547373126, \""Organic Cauliflower (each)\"": 0.30683936683514207, \""Organic And Sugar Free Steak Sauce (8.5 oz)\"": 0.33882777477478093, \""Sprouts Organic Garlic Powder (2.12 oz)\"": 0.2939887916126397, \""Organic Acorn Squash (each)\"": 0.3617146591025554, \""Sprouts Double Zipper Sandwich Food Bags (40 ct)\"": 0.22220281340561468, \""Organic Turmeric (bag)\"": 0.26540293985740276, \""Organic Gala Apple (each)\"": 0.4673876752448831, \""Jovial Grain-Free Cassava Fusilli Pasta (8 oz)\"": 0.26365874645338794, \""Bag Fee\"": 0.0, \""Bottle Deposit aka CRV\"": 0.0, \""Unknown Item\"": 0.18082844011501886}, \""ORG SF STEAK SAUCE\"": {\""Sweet Loren's Chocolate Lover's Cookie Dough (12 oz)\"": 0.291784259444622, \""Ginger Root (each)\"": 0.25114828202087297, \""Sprouts 1 qt Double Zipper Freezer Bags (19 ct)\"": 0.2354693150092839, \""Yellow Onion (each)\"": 0.2772999264520918, \""Monterey Mushrooms Organic Whole Baby Bella Mushrooms (16 oz)\"": 0.32313489571595416, \""YumEarth Giggles Chewy Candy Sour (5 oz)\"": 0.22894512834503503, \""Unreal Dark Chocolate Peanut Butter Cups (4.2 oz)\"": 0.25881594594610685, \""Organic Broccolette\"": 0.2974273578279163, \""YUMEARTH Organic Chewys Fruit Chews (5 oz)\"": 0.23491376854307372, \""Olipop Crisp Apple Sparkling Tonic (12 oz)\"": 0.23119440063049762, \""Artichoke\"": 0.27573708485577964, \""Organic Italian Squash (each)\"": 0.23918801627330905, \""Martinelli's Organic Gold Medal Apple Cider Honeycrisp (33.8 oz)\"": 0.30327700847464323, \""Organic Cauliflower (each)\"": 0.2070459474161651, \""Organic And Sugar Free Steak Sauce (8.5 oz)\"": 0.5884422593667553, \""Sprouts Organic Garlic Powder (2.12 oz)\"": 0.336058201697827, \""Organic Acorn Squash (each)\"": 0.2410546299000047, \""Sprouts Double Zipper Sandwich Food Bags (40 ct)\"": 0.23975633150176212, \""Organic Turmeric (bag)\"": 0.21359760368740255, \""Organic Gala Apple (each)\"": 0.2451599345722022, \""Jovial Grain-Free Cassava Fusilli Pasta (8 oz)\"": 0.24565212879943746, \""Bag Fee\"": 0.0, \""Bottle Deposit aka CRV\"": 0.0, \""Unknown Item\"": 0.16822600898971085}, \""ORG SOUR GIGGLE CNDY\"": {\""Sweet Loren's Chocolate Lover's Cookie Dough (12 oz)\"": 0.26819144839094644, \""Ginger Root (each)\"": 0.23419841443330147, \""Sprouts 1 qt Double Zipper Freezer Bags (19 ct)\"": 0.16386710719573858, \""Yellow Onion (each)\"": 0.25206368540544766, \""Monterey Mushrooms Organic Whole Baby Bella Mushrooms (16 oz)\"": 0.1776340812656635, \""YumEarth Giggles Chewy Candy Sour (5 oz)\"": 0.47390997136613094, \""Unreal Dark Chocolate Peanut Butter Cups (4.2 oz)\"": 0.24792794662796316, \""Organic Broccolette\"": 0.20948667178146077, \""YUMEARTH Organic Chewys Fruit Chews (5 oz)\"": 0.3205282725071735, \""Olipop Crisp Apple Sparkling Tonic (12 oz)\"": 0.3086559965396863, \""Artichoke\"": 0.19652804835113988, \""Organic Italian Squash (each)\"": 0.20387452077285484, \""Martinelli's Organic Gold Medal Apple Cider Honeycrisp (33.8 oz)\"": 0.2366849622018318, \""Organic Cauliflower (each)\"": 0.21703564765904415, \""Organic And Sugar Free Steak Sauce (8.5 oz)\"": 0.17847158822882622, \""Sprouts Organic Garlic Powder (2.12 oz)\"": 0.209754647078224, \""Organic Acorn Squash (each)\"": 0.23267679296924157, \""Sprouts Double Zipper Sandwich Food Bags (40 ct)\"": 0.16996428994134472, \""Organic Turmeric (bag)\"": 0.20752099277424824, \""Organic Gala Apple (each)\"": 0.2936019367519979, \""Jovial Grain-Free Cassava Fusilli Pasta (8 oz)\"": 0.20820287427636583, \""Bag Fee\"": 0.0, \""Bottle Deposit aka CRV\"": 0.0, \""Unknown Item\"": 0.22194505245361287}, \""ORGANIC FRUIT CHEWYS\"": {\""Sweet Loren's Chocolate Lover's Cookie Dough (12 oz)\"": 0.33979015947878666, \""Ginger Root (each)\"": 0.30251209152567016, \""Sprouts 1 qt Double Zipper Freezer Bags (19 ct)\"": 0.3180625208655989, \""Yellow Onion (each)\"": 0.2306428310005443, \""Monterey Mushrooms Organic Whole Baby Bella Mushrooms (16 oz)\"": 0.3717461901338486, \""YumEarth Giggles Chewy Candy Sour (5 oz)\"": 0.5553365504081518, \""Unreal Dark Chocolate Peanut Butter Cups (4.2 oz)\"": 0.40326382788218396, \""Organic Broccolette\"": 0.4019419566440882, \""YUMEARTH Organic Chewys Fruit Chews (5 oz)\"": 0.7419774765606707, \""Olipop Crisp Apple Sparkling Tonic (12 oz)\"": 0.35096217830977366, \""Artichoke\"": 0.2498429944586189, \""Organic Italian Squash (each)\"": 0.3606374741153804, \""Martinelli's Organic Gold Medal Apple Cider Honeycrisp (33.8 oz)\"": 0.3772024085772296, \""Organic Cauliflower (each)\"": 0.3372097744280518, \""Organic And Sugar Free Steak Sauce (8.5 oz)\"": 0.38749484164745396, \""Sprouts Organic Garlic Powder (2.12 oz)\"": 0.3406518264784938, \""Organic Acorn Squash (each)\"": 0.36478803780624647, \""Sprouts Double Zipper Sandwich Food Bags (40 ct)\"": 0.3418432951177281, \""Organic Turmeric (bag)\"": 0.37480092528758147, \""Organic Gala Apple (each)\"": 0.4311416832691142, \""Jovial Grain-Free Cassava Fusilli Pasta (8 oz)\"": 0.35264866603346773, \""Bag Fee\"": 0.0, \""Bottle Deposit aka CRV\"": 0.0, \""Unknown Item\"": 0.16089683367454147}, \""CHOC LVR COOKIE DOUG\"": {\""Sweet Loren's Chocolate Lover's Cookie Dough (12 oz)\"": 0.5582613120109992, \""Ginger Root (each)\"": 0.20298510437484596, \""Sprouts 1 qt Double Zipper Freezer Bags (19 ct)\"": 0.18924147067713262, \""Yellow Onion (each)\"": 0.1872545678330997, \""Monterey Mushrooms Organic Whole Baby Bella Mushrooms (16 oz)\"": 0.1996446179700596, \""YumEarth Giggles Chewy Candy Sour (5 oz)\"": 0.28548087194190186, \""Unreal Dark Chocolate Peanut Butter Cups (4.2 oz)\"": 0.3948503751614037, \""Organic Broccolette\"": 0.20865110073555193, \""YUMEARTH Organic Chewys Fruit Chews (5 oz)\"": 0.3264010486298776, \""Olipop Crisp Apple Sparkling Tonic (12 oz)\"": 0.21497742198199324, \""Artichoke\"": 0.2534403929440095, \""Organic Italian Squash (each)\"": 0.1786522035460241, \""Martinelli's Organic Gold Medal Apple Cider Honeycrisp (33.8 oz)\"": 0.18960396556877804, \""Organic Cauliflower (each)\"": 0.16227146667712466, \""Organic And Sugar Free Steak Sauce (8.5 oz)\"": 0.2348182229548735, \""Sprouts Organic Garlic Powder (2.12 oz)\"": 0.20458794988611329, \""Organic Acorn Squash (each)\"": 0.18570408086382476, \""Sprouts Double Zipper Sandwich Food Bags (40 ct)\"": 0.2333402867633958, \""Organic Turmeric (bag)\"": 0.16523273742933892, \""Organic Gala Apple (each)\"": 0.18185739794717173, \""Jovial Grain-Free Cassava Fusilli Pasta (8 oz)\"": 0.22857344946910566, \""Bag Fee\"": 0.0, \""Bottle Deposit aka CRV\"": 0.0, \""Unknown Item\"": 0.211885025510316}, \""CRISP APPLE TONIC\"": {\""Sweet Loren's Chocolate Lover's Cookie Dough (12 oz)\"": 0.18013587602418527, \""Ginger Root (each)\"": 0.29796262382076255, \""Sprouts 1 qt Double Zipper Freezer Bags (19 ct)\"": 0.2069339006901569, \""Yellow Onion (each)\"": 0.22561859677991428, \""Monterey Mushrooms Organic Whole Baby Bella Mushrooms (16 oz)\"": 0.1815805018362558, \""YumEarth Giggles Chewy Candy Sour (5 oz)\"": 0.24098660028155808, \""Unreal Dark Chocolate Peanut Butter Cups (4.2 oz)\"": 0.19822312735896822, \""Organic Broccolette\"": 0.2792671645123791, \""YUMEARTH Organic Chewys Fruit Chews (5 oz)\"": 0.2698697496066874, \""Olipop Crisp Apple Sparkling Tonic (12 oz)\"": 0.6477612469131417, \""Artichoke\"": 0.2697186451745595, \""Organic Italian Squash (each)\"": 0.24707314922170667, \""Martinelli's Organic Gold Medal Apple Cider Honeycrisp (33.8 oz)\"": 0.40843576186951525, \""Organic Cauliflower (each)\"": 0.2475633759434288, \""Organic And Sugar Free Steak Sauce (8.5 oz)\"": 0.22974787524316895, \""Sprouts Organic Garlic Powder (2.12 oz)\"": 0.19732500929721403, \""Organic Acorn Squash (each)\"": 0.25865714251441657, \""Sprouts Double Zipper Sandwich Food Bags (40 ct)\"": 0.17939741820067864, \""Organic Turmeric (bag)\"": 0.2213788383343357, \""Organic Gala Apple (each)\"": 0.39792374514684525, \""Jovial Grain-Free Cassava Fusilli Pasta (8 oz)\"": 0.23102376920953743, \""Bag Fee\"": 0.0, \""Bottle Deposit aka CRV\"": 0.0, \""Unknown Item\"": 0.17201534451575548}, \""QUART FREEZER BAGS\"": {\""Sweet Loren's Chocolate Lover's Cookie Dough (12 oz)\"": 0.27231624776414876, \""Ginger Root (each)\"": 0.18778564853578245, \""Sprouts 1 qt Double Zipper Freezer Bags (19 ct)\"": 0.6163417490079313, \""Yellow Onion (each)\"": 0.2677824365692806, \""Monterey Mushrooms Organic Whole Baby Bella Mushrooms (16 oz)\"": 0.27709999021939385, \""YumEarth Giggles Chewy Candy Sour (5 oz)\"": 0.24270748849851256, \""Unreal Dark Chocolate Peanut Butter Cups (4.2 oz)\"": 0.3265663896385831, \""Organic Broccolette\"": 0.2378687667685275, \""YUMEARTH Organic Chewys Fruit Chews (5 oz)\"": 0.29165469973226005, \""Olipop Crisp Apple Sparkling Tonic (12 oz)\"": 0.18889669921354724, \""Artichoke\"": 0.16525852310443293, \""Organic Italian Squash (each)\"": 0.2701917158424958, \""Martinelli's Organic Gold Medal Apple Cider Honeycrisp (33.8 oz)\"": 0.2508926055040255, \""Organic Cauliflower (each)\"": 0.25852654155202565, \""Organic And Sugar Free Steak Sauce (8.5 oz)\"": 0.26936123364920533, \""Sprouts Organic Garlic Powder (2.12 oz)\"": 0.23713126946385682, \""Organic Acorn Squash (each)\"": 0.27121900041658087, \""Sprouts Double Zipper Sandwich Food Bags (40 ct)\"": 0.5176437172659621, \""Organic Turmeric (bag)\"": 0.28480262256925254, \""Organic Gala Apple (each)\"": 0.23134812905985613, \""Jovial Grain-Free Cassava Fusilli Pasta (8 oz)\"": 0.31616455562687723, \""Bag Fee\"": 0.0, \""Bottle Deposit aka CRV\"": 0.0, \""Unknown Item\"": 0.18102631484716017}, \""SANDWICH BAGS\"": {\""Sweet Loren's Chocolate Lover's Cookie Dough (12 oz)\"": 0.2548095087770245, \""Ginger Root (each)\"": 0.19893836125051712, \""Sprouts 1 qt Double Zipper Freezer Bags (19 ct)\"": 0.47048679684284267, \""Yellow Onion (each)\"": 0.24324843563822332, \""Monterey Mushrooms Organic Whole Baby Bella Mushrooms (16 oz)\"": 0.2499533261080687, \""YumEarth Giggles Chewy Candy Sour (5 oz)\"": 0.2855319982200267, \""Unreal Dark Chocolate Peanut Butter Cups (4.2 oz)\"": 0.3085911823224743, \""Organic Broccolette\"": 0.2222409949131002, \""YUMEARTH Organic Chewys Fruit Chews (5 oz)\"": 0.3035399447879259, \""Olipop Crisp Apple Sparkling Tonic (12 oz)\"": 0.2009166810616291, \""Artichoke\"": 0.1663766569895985, \""Organic Italian Squash (each)\"": 0.20991093339977754, \""Martinelli's Organic Gold Medal Apple Cider Honeycrisp (33.8 oz)\"": 0.21052088829804438, \""Organic Cauliflower (each)\"": 0.20774816054924478, \""Organic And Sugar Free Steak Sauce (8.5 oz)\"": 0.2575006488512328, \""Sprouts Organic Garlic Powder (2.12 oz)\"": 0.23128827388307802, \""Organic Acorn Squash (each)\"": 0.20574925752716522, \""Sprouts Double Zipper Sandwich Food Bags (40 ct)\"": 0.5975923844199803, \""Organic Turmeric (bag)\"": 0.2886580864773621, \""Organic Gala Apple (each)\"": 0.20495386571652807, \""Jovial Grain-Free Cassava Fusilli Pasta (8 oz)\"": 0.2506761050153796, \""Bag Fee\"": 0.0, \""Bottle Deposit aka CRV\"": 0.0, \""Unknown Item\"": 0.1858422820801865}, \""PLASTIC BAG CHARGE\"": {\""Sweet Loren's Chocolate Lover's Cookie Dough (12 oz)\"": 0.15868066643550077, \""Ginger Root (each)\"": 0.13498231186807472, \""Sprouts 1 qt Double Zipper Freezer Bags (19 ct)\"": 0.3258926657215815, \""Yellow Onion (each)\"": 0.19222746787537515, \""Monterey Mushrooms Organic Whole Baby Bella Mushrooms (16 oz)\"": 0.15463036581136827, \""YumEarth Giggles Chewy Candy Sour (5 oz)\"": 0.20433485183090355, \""Unreal Dark Chocolate Peanut Butter Cups (4.2 oz)\"": 0.20133978125891222, \""Organic Broccolette\"": 0.17822932567157285, \""YUMEARTH Organic Chewys Fruit Chews (5 oz)\"": 0.2467297848981602, \""Olipop Crisp Apple Sparkling Tonic (12 oz)\"": 0.16934717025547333, \""Artichoke\"": 0.12682275842493257, \""Organic Italian Squash (each)\"": 0.19521527567500682, \""Martinelli's Organic Gold Medal Apple Cider Honeycrisp (33.8 oz)\"": 0.14815745399833255, \""Organic Cauliflower (each)\"": 0.21547025332932446, \""Organic And Sugar Free Steak Sauce (8.5 oz)\"": 0.14513042889213248, \""Sprouts Organic Garlic Powder (2.12 oz)\"": 0.15220741419388484, \""Organic Acorn Squash (each)\"": 0.1893335181306658, \""Sprouts Double Zipper Sandwich Food Bags (40 ct)\"": 0.34710452584519624, \""Organic Turmeric (bag)\"": 0.28992872434617706, \""Organic Gala Apple (each)\"": 0.22736248092456368, \""Jovial Grain-Free Cassava Fusilli Pasta (8 oz)\"": 0.14414858058522204, \""Bag Fee\"": 0.6162134503606547, \""Bottle Deposit aka CRV\"": 0.399980392677255, \""Unknown Item\"": 0.10070010691569611}, \""Unknown Item\"": {\""Sweet Loren's Chocolate Lover's Cookie Dough (12 oz)\"": 0.1732825470989134, \""Ginger Root (each)\"": 0.19417115205240168, \""Sprouts 1 qt Double Zipper Freezer Bags (19 ct)\"": 0.17667950027050758, \""Yellow Onion (each)\"": 0.24010678272767175, \""Monterey Mushrooms Organic Whole Baby Bella Mushrooms (16 oz)\"": 0.1634576753440362, \""YumEarth Giggles Chewy Candy Sour (5 oz)\"": 0.15836383922158154, \""Unreal Dark Chocolate Peanut Butter Cups (4.2 oz)\"": 0.24605849836105306, \""Organic Broccolette\"": 0.19544205476597815, \""YUMEARTH Organic Chewys Fruit Chews (5 oz)\"": 0.18335573298242472, \""Olipop Crisp Apple Sparkling Tonic (12 oz)\"": 0.19006506075227045, \""Artichoke\"": 0.2638461108619144, \""Organic Italian Squash (each)\"": 0.214788456702787, \""Martinelli's Organic Gold Medal Apple Cider Honeycrisp (33.8 oz)\"": 0.1569363787177969, \""Organic Cauliflower (each)\"": 0.21208488542591358, \""Organic And Sugar Free Steak Sauce (8.5 oz)\"": 0.1868354393862238, \""Sprouts Organic Garlic Powder (2.12 oz)\"": 0.17476850361784876, \""Organic Acorn Squash (each)\"": 0.2163134489312999, \""Sprouts Double Zipper Sandwich Food Bags (40 ct)\"": 0.17817459668137225, \""Organic Turmeric (bag)\"": 0.2022121382051013, \""Organic Gala Apple (each)\"": 0.22601408569686168, \""Jovial Grain-Free Cassava Fusilli Pasta (8 oz)\"": 0.17487305014666787, \""Bag Fee\"": 0.300414460999277, \""Bottle Deposit aka CRV\"": 0.21774943832703783, \""Unknown Item\"": 0.9990009990914867}}""
  },
  {
    ""key"": ""total_amount"",
    ""value"": ""{\""money\"": {\""unit_amount\"": 11123, \""currency\"": \""USD\"", \""display_string\"": \""None111.23\"", \""decimal_places\"": 2, \""sign\"": null, \""symbol\"": null}, \""confidence_score\"": 1.0}""
  },
  {
    ""key"": ""discount_amount"",
    ""value"": ""{\""money\"": {\""unit_amount\"": 0, \""currency\"": \""USD\"", \""display_string\"": \""None0.00\"", \""decimal_places\"": 2, \""sign\"": null, \""symbol\"": null}, \""confidence_score\"": 1.0}""
  },
  {
    ""key"": ""business_id"",
    ""value"": ""8176""
  },
  {
    ""key"": ""subtotal_amount"",
    ""value"": ""{\""money\"": {\""unit_amount\"": 11123, \""currency\"": \""USD\"", \""display_string\"": \""None111.23\"", \""decimal_places\"": 2, \""sign\"": null, \""symbol\"": null}, \""confidence_score\"": 1.0}""
  },
  {
    ""key"": ""tax_confidence_score"",
    ""value"": ""1.0""
  },
  {
    ""key"": ""matched_item_info"",
    ""value"": ""[{\""merchant_supplied_id\"": \""58406\"", \""display_name\"": \""Artichoke\"", \""ocr_description\"": \""ARTICHOKES\"", \""quantity\"": {\""value\"": 2.0}, \""price_per_unit\"": {\""unit_amount\"": 499, \""currency\"": \""USD\"", \""display_string\"": \""None4.99\"", \""decimal_places\"": 2, \""sign\"": null, \""symbol\"": null}, \""item_price\"": {\""unit_amount\"": 998, \""currency\"": \""USD\"", \""display_string\"": \""None9.98\"", \""decimal_places\"": 2, \""sign\"": null, \""symbol\"": null}, \""non_discount_price_per_unit\"": {\""unit_amount\"": 0, \""currency\"": \""USD\"", \""display_string\"": \""None0.00\"", \""decimal_places\"": 2, \""sign\"": null, \""symbol\"": null}, \""non_discount_item_price\"": {\""unit_amount\"": 0, \""currency\"": \""USD\"", \""display_string\"": \""None0.00\"", \""decimal_places\"": 2, \""sign\"": null, \""symbol\"": null}, \""sold_by_weight\"": false, \""confidence_score\"": 1.0}, {\""merchant_supplied_id\"": \""58608\"", \""display_name\"": \""Organic Cauliflower (each)\"", \""ocr_description\"": \""CAULIFLOWER\"", \""quantity\"": {\""value\"": 2.51}, \""price_per_unit\"": {\""unit_amount\"": 199, \""currency\"": \""USD\"", \""display_string\"": \""None1.99\"", \""decimal_places\"": 2, \""sign\"": null, \""symbol\"": null}, \""item_price\"": {\""unit_amount\"": 499, \""currency\"": \""USD\"", \""display_string\"": \""None4.99\"", \""decimal_places\"": 2, \""sign\"": null, \""symbol\"": null}, \""non_discount_price_per_unit\"": {\""unit_amount\"": 0, \""currency\"": \""USD\"", \""display_string\"": \""None0.00\"", \""decimal_places\"": 2, \""sign\"": null, \""symbol\"": null}, \""non_discount_item_price\"": {\""unit_amount\"": 0, \""currency\"": \""USD\"", \""display_string\"": \""None0.00\"", \""decimal_places\"": 2, \""sign\"": null, \""symbol\"": null}, \""sold_by_weight\"": true, \""confidence_score\"": 1.0}, {\""merchant_supplied_id\"": \""58806\"", \""display_name\"": \""Ginger Root (each)\"", \""ocr_description\"": \""GINGER ROOT\"", \""quantity\"": {\""value\"": 0.38}, \""price_per_unit\"": {\""unit_amount\"": 400, \""currency\"": \""USD\"", \""display_string\"": \""None4.00\"", \""decimal_places\"": 2, \""sign\"": null, \""symbol\"": null}, \""item_price\"": {\""unit_amount\"": 152, \""currency\"": \""USD\"", \""display_string\"": \""None1.52\"", \""decimal_places\"": 2, \""sign\"": null, \""symbol\"": null}, \""non_discount_price_per_unit\"": {\""unit_amount\"": 0, \""currency\"": \""USD\"", \""display_string\"": \""None0.00\"", \""decimal_places\"": 2, \""sign\"": null, \""symbol\"": null}, \""non_discount_item_price\"": {\""unit_amount\"": 0, \""currency\"": \""USD\"", \""display_string\"": \""None0.00\"", \""decimal_places\"": 2, \""sign\"": null, \""symbol\"": null}, \""sold_by_weight\"": true, \""confidence_score\"": 1.0}, {\""merchant_supplied_id\"": \""60014\"", \""display_name\"": \""Organic Acorn Squash (each)\"", \""ocr_description\"": \""ORG ACORN SQUASH\"", \""quantity\"": {\""value\"": 2.26}, \""price_per_unit\"": {\""unit_amount\"": 199, \""currency\"": \""USD\"", \""display_string\"": \""None1.99\"", \""decimal_places\"": 2, \""sign\"": null, \""symbol\"": null}, \""item_price\"": {\""unit_amount\"": 450, \""currency\"": \""USD\"", \""display_string\"": \""None4.50\"", \""decimal_places\"": 2, \""sign\"": null, \""symbol\"": null}, \""non_discount_price_per_unit\"": {\""unit_amount\"": 0, \""currency\"": \""USD\"", \""display_string\"": \""None0.00\"", \""decimal_places\"": 2, \""sign\"": null, \""symbol\"": null}, \""non_discount_item_price\"": {\""unit_amount\"": 0, \""currency\"": \""USD\"", \""display_string\"": \""None0.00\"", \""decimal_places\"": 2, \""sign\"": null, \""symbol\"": null}, \""sold_by_weight\"": true, \""confidence_score\"": 1.0}, {\""merchant_supplied_id\"": \""5471977\"", \""display_name\"": \""Monterey Mushrooms Organic Whole Baby Bella Mushrooms (16 oz)\"", \""ocr_description\"": \""ORG BABY BELLA MSHRM\"", \""quantity\"": {\""value\"": 1.0}, \""price_per_unit\"": {\""unit_amount\"": 499, \""currency\"": \""USD\"", \""display_string\"": \""None4.99\"", \""decimal_places\"": 2, \""sign\"": null, \""symbol\"": null}, \""item_price\"": {\""unit_amount\"": 499, \""currency\"": \""USD\"", \""display_string\"": \""None4.99\"", \""decimal_places\"": 2, \""sign\"": null, \""symbol\"": null}, \""non_discount_price_per_unit\"": {\""unit_amount\"": 0, \""currency\"": \""USD\"", \""display_string\"": \""None0.00\"", \""decimal_places\"": 2, \""sign\"": null, \""symbol\"": null}, \""non_discount_item_price\"": {\""unit_amount\"": 0, \""currency\"": \""USD\"", \""display_string\"": \""None0.00\"", \""decimal_places\"": 2, \""sign\"": null, \""symbol\"": null}, \""sold_by_weight\"": false, \""confidence_score\"": 1.0}, {\""merchant_supplied_id\"": \""60039\"", \""display_name\"": \""Organic Italian Squash (each)\"", \""ocr_description\"": \""ORG ITALIAN SQUASH\"", \""quantity\"": {\""value\"": 1.73}, \""price_per_unit\"": {\""unit_amount\"": 199, \""currency\"": \""USD\"", \""display_string\"": \""None1.99\"", \""decimal_places\"": 2, \""sign\"": null, \""symbol\"": null}, \""item_price\"": {\""unit_amount\"": 344, \""currency\"": \""USD\"", \""display_string\"": \""None3.44\"", \""decimal_places\"": 2, \""sign\"": null, \""symbol\"": null}, \""non_discount_price_per_unit\"": {\""unit_amount\"": 0, \""currency\"": \""USD\"", \""display_string\"": \""None0.00\"", \""decimal_places\"": 2, \""sign\"": null, \""symbol\"": null}, \""non_discount_item_price\"": {\""unit_amount\"": 0, \""currency\"": \""USD\"", \""display_string\"": \""None0.00\"", \""decimal_places\"": 2, \""sign\"": null, \""symbol\"": null}, \""sold_by_weight\"": true, \""confidence_score\"": 1.0}, {\""merchant_supplied_id\"": \""5541192\"", \""display_name\"": \""Organic Turmeric (bag)\"", \""ocr_description\"": \""ORG TURMERIC BAG\"", \""quantity\"": {\""value\"": 1.0}, \""price_per_unit\"": {\""unit_amount\"": 499, \""currency\"": \""USD\"", \""display_string\"": \""None4.99\"", \""decimal_places\"": 2, \""sign\"": null, \""symbol\"": null}, \""item_price\"": {\""unit_amount\"": 499, \""currency\"": \""USD\"", \""display_string\"": \""None4.99\"", \""decimal_places\"": 2, \""sign\"": null, \""symbol\"": null}, \""non_discount_price_per_unit\"": {\""unit_amount\"": 0, \""currency\"": \""USD\"", \""display_string\"": \""None0.00\"", \""decimal_places\"": 2, \""sign\"": null, \""symbol\"": null}, \""non_discount_item_price\"": {\""unit_amount\"": 0, \""currency\"": \""USD\"", \""display_string\"": \""None0.00\"", \""decimal_places\"": 2, \""sign\"": null, \""symbol\"": null}, \""sold_by_weight\"": false, \""confidence_score\"": 1.0}, {\""merchant_supplied_id\"": \""5003114\"", \""display_name\"": \""Organic Broccolette\"", \""ocr_description\"": \""ORGANIC BROCCOLETTE\"", \""quantity\"": {\""value\"": 2.0}, \""price_per_unit\"": {\""unit_amount\"": 399, \""currency\"": \""USD\"", \""display_string\"": \""None3.99\"", \""decimal_places\"": 2, \""sign\"": null, \""symbol\"": null}, \""item_price\"": {\""unit_amount\"": 798, \""currency\"": \""USD\"", \""display_string\"": \""None7.98\"", \""decimal_places\"": 2, \""sign\"": null, \""symbol\"": null}, \""non_discount_price_per_unit\"": {\""unit_amount\"": 0, \""currency\"": \""USD\"", \""display_string\"": \""None0.00\"", \""decimal_places\"": 2, \""sign\"": null, \""symbol\"": null}, \""non_discount_item_price\"": {\""unit_amount\"": 0, \""currency\"": \""USD\"", \""display_string\"": \""None0.00\"", \""decimal_places\"": 2, \""sign\"": null, \""symbol\"": null}, \""sold_by_weight\"": false, \""confidence_score\"": 1.0}, {\""merchant_supplied_id\"": \""58301\"", \""display_name\"": \""Organic Gala Apple (each)\"", \""ocr_description\"": \""ORGANIC GALA APPLES\"", \""quantity\"": {\""value\"": 2.24}, \""price_per_unit\"": {\""unit_amount\"": 249, \""currency\"": \""USD\"", \""display_string\"": \""None2.49\"", \""decimal_places\"": 2, \""sign\"": null, \""symbol\"": null}, \""item_price\"": {\""unit_amount\"": 558, \""currency\"": \""USD\"", \""display_string\"": \""None5.58\"", \""decimal_places\"": 2, \""sign\"": null, \""symbol\"": null}, \""non_discount_price_per_unit\"": {\""unit_amount\"": 0, \""currency\"": \""USD\"", \""display_string\"": \""None0.00\"", \""decimal_places\"": 2, \""sign\"": null, \""symbol\"": null}, \""non_discount_item_price\"": {\""unit_amount\"": 0, \""currency\"": \""USD\"", \""display_string\"": \""None0.00\"", \""decimal_places\"": 2, \""sign\"": null, \""symbol\"": null}, \""sold_by_weight\"": true, \""confidence_score\"": 1.0}, {\""merchant_supplied_id\"": \""59287\"", \""display_name\"": \""Yellow Onion (each)\"", \""ocr_description\"": \""YELLOW ONIONS\"", \""quantity\"": {\""value\"": 0.92}, \""price_per_unit\"": {\""unit_amount\"": 149, \""currency\"": \""USD\"", \""display_string\"": \""None1.49\"", \""decimal_places\"": 2, \""sign\"": null, \""symbol\"": null}, \""item_price\"": {\""unit_amount\"": 137, \""currency\"": \""USD\"", \""display_string\"": \""None1.37\"", \""decimal_places\"": 2, \""sign\"": null, \""symbol\"": null}, \""non_discount_price_per_unit\"": {\""unit_amount\"": 0, \""currency\"": \""USD\"", \""display_string\"": \""None0.00\"", \""decimal_places\"": 2, \""sign\"": null, \""symbol\"": null}, \""non_discount_item_price\"": {\""unit_amount\"": 0, \""currency\"": \""USD\"", \""display_string\"": \""None0.00\"", \""decimal_places\"": 2, \""sign\"": null, \""symbol\"": null}, \""sold_by_weight\"": true, \""confidence_score\"": 1.0}, {\""merchant_supplied_id\"": \""5487571\"", \""display_name\"": \""Jovial Grain-Free Cassava Fusilli Pasta (8 oz)\"", \""ocr_description\"": \""CASSAVA FUSILLI\"", \""quantity\"": {\""value\"": 1.0}, \""price_per_unit\"": {\""unit_amount\"": 499, \""currency\"": \""USD\"", \""display_string\"": \""None4.99\"", \""decimal_places\"": 2, \""sign\"": null, \""symbol\"": null}, \""item_price\"": {\""unit_amount\"": 499, \""currency\"": \""USD\"", \""display_string\"": \""None4.99\"", \""decimal_places\"": 2, \""sign\"": null, \""symbol\"": null}, \""non_discount_price_per_unit\"": {\""unit_amount\"": 0, \""currency\"": \""USD\"", \""display_string\"": \""None0.00\"", \""decimal_places\"": 2, \""sign\"": null, \""symbol\"": null}, \""non_discount_item_price\"": {\""unit_amount\"": 0, \""currency\"": \""USD\"", \""display_string\"": \""None0.00\"", \""decimal_places\"": 2, \""sign\"": null, \""symbol\"": null}, \""sold_by_weight\"": false, \""confidence_score\"": 1.0}, {\""merchant_supplied_id\"": \""5619669\"", \""display_name\"": \""Unreal Dark Chocolate Peanut Butter Cups (4.2 oz)\"", \""ocr_description\"": \""DRK CHOC PB CUPS\"", \""quantity\"": {\""value\"": 2.0}, \""price_per_unit\"": {\""unit_amount\"": 549, \""currency\"": \""USD\"", \""display_string\"": \""None5.49\"", \""decimal_places\"": 2, \""sign\"": null, \""symbol\"": null}, \""item_price\"": {\""unit_amount\"": 1098, \""currency\"": \""USD\"", \""display_string\"": \""None10.98\"", \""decimal_places\"": 2, \""sign\"": null, \""symbol\"": null}, \""non_discount_price_per_unit\"": {\""unit_amount\"": 0, \""currency\"": \""USD\"", \""display_string\"": \""None0.00\"", \""decimal_places\"": 2, \""sign\"": null, \""symbol\"": null}, \""non_discount_item_price\"": {\""unit_amount\"": 0, \""currency\"": \""USD\"", \""display_string\"": \""None0.00\"", \""decimal_places\"": 2, \""sign\"": null, \""symbol\"": null}, \""sold_by_weight\"": false, \""confidence_score\"": 1.0}, {\""merchant_supplied_id\"": \""5499421\"", \""display_name\"": \""Sprouts Organic Garlic Powder (2.12 oz)\"", \""ocr_description\"": \""ORG GARLIC POWDER\"", \""quantity\"": {\""value\"": 1.0}, \""price_per_unit\"": {\""unit_amount\"": 499, \""currency\"": \""USD\"", \""display_string\"": \""None4.99\"", \""decimal_places\"": 2, \""sign\"": null, \""symbol\"": null}, \""item_price\"": {\""unit_amount\"": 499, \""currency\"": \""USD\"", \""display_string\"": \""None4.99\"", \""decimal_places\"": 2, \""sign\"": null, \""symbol\"": null}, \""non_discount_price_per_unit\"": {\""unit_amount\"": 0, \""currency\"": \""USD\"", \""display_string\"": \""None0.00\"", \""decimal_places\"": 2, \""sign\"": null, \""symbol\"": null}, \""non_discount_item_price\"": {\""unit_amount\"": 0, \""currency\"": \""USD\"", \""display_string\"": \""None0.00\"", \""decimal_places\"": 2, \""sign\"": null, \""symbol\"": null}, \""sold_by_weight\"": false, \""confidence_score\"": 1.0}, {\""merchant_supplied_id\"": \""5585202\"", \""display_name\"": \""Martinelli's Organic Gold Medal Apple Cider Honeycrisp (33.8 oz)\"", \""ocr_description\"": \""ORG HONEYCRISP CIDER\"", \""quantity\"": {\""value\"": 1.0}, \""price_per_unit\"": {\""unit_amount\"": 899, \""currency\"": \""USD\"", \""display_string\"": \""None8.99\"", \""decimal_places\"": 2, \""sign\"": null, \""symbol\"": null}, \""item_price\"": {\""unit_amount\"": 899, \""currency\"": \""USD\"", \""display_string\"": \""None8.99\"", \""decimal_places\"": 2, \""sign\"": null, \""symbol\"": null}, \""non_discount_price_per_unit\"": {\""unit_amount\"": 0, \""currency\"": \""USD\"", \""display_string\"": \""None0.00\"", \""decimal_places\"": 2, \""sign\"": null, \""symbol\"": null}, \""non_discount_item_price\"": {\""unit_amount\"": 0, \""currency\"": \""USD\"", \""display_string\"": \""None0.00\"", \""decimal_places\"": 2, \""sign\"": null, \""symbol\"": null}, \""sold_by_weight\"": false, \""confidence_score\"": 1.0}, {\""merchant_supplied_id\"": \""5409103\"", \""display_name\"": \""Organic And Sugar Free Steak Sauce (8.5 oz)\"", \""ocr_description\"": \""ORG SF STEAK SAUCE\"", \""quantity\"": {\""value\"": 1.0}, \""price_per_unit\"": {\""unit_amount\"": 559, \""currency\"": \""USD\"", \""display_string\"": \""None5.59\"", \""decimal_places\"": 2, \""sign\"": null, \""symbol\"": null}, \""item_price\"": {\""unit_amount\"": 559, \""currency\"": \""USD\"", \""display_string\"": \""None5.59\"", \""decimal_places\"": 2, \""sign\"": null, \""symbol\"": null}, \""non_discount_price_per_unit\"": {\""unit_amount\"": 0, \""currency\"": \""USD\"", \""display_string\"": \""None0.00\"", \""decimal_places\"": 2, \""sign\"": null, \""symbol\"": null}, \""non_discount_item_price\"": {\""unit_amount\"": 0, \""currency\"": \""USD\"", \""display_string\"": \""None0.00\"", \""decimal_places\"": 2, \""sign\"": null, \""symbol\"": null}, \""sold_by_weight\"": false, \""confidence_score\"": 1.0}, {\""merchant_supplied_id\"": \""5494305\"", \""display_name\"": \""YumEarth Giggles Chewy Candy Sour (5 oz)\"", \""ocr_description\"": \""ORG SOUR GIGGLE CNDY\"", \""quantity\"": {\""value\"": 1.0}, \""price_per_unit\"": {\""unit_amount\"": 599, \""currency\"": \""USD\"", \""display_string\"": \""None5.99\"", \""decimal_places\"": 2, \""sign\"": null, \""symbol\"": null}, \""item_price\"": {\""unit_amount\"": 599, \""currency\"": \""USD\"", \""display_string\"": \""None5.99\"", \""decimal_places\"": 2, \""sign\"": null, \""symbol\"": null}, \""non_discount_price_per_unit\"": {\""unit_amount\"": 0, \""currency\"": \""USD\"", \""display_string\"": \""None0.00\"", \""decimal_places\"": 2, \""sign\"": null, \""symbol\"": null}, \""non_discount_item_price\"": {\""unit_amount\"": 0, \""currency\"": \""USD\"", \""display_string\"": \""None0.00\"", \""decimal_places\"": 2, \""sign\"": null, \""symbol\"": null}, \""sold_by_weight\"": false, \""confidence_score\"": 1.0}, {\""merchant_supplied_id\"": \""5586144\"", \""display_name\"": \""YUMEARTH Organic Chewys Fruit Chews (5 oz)\"", \""ocr_description\"": \""ORGANIC FRUIT CHEWYS\"", \""quantity\"": {\""value\"": 1.0}, \""price_per_unit\"": {\""unit_amount\"": 599, \""currency\"": \""USD\"", \""display_string\"": \""None5.99\"", \""decimal_places\"": 2, \""sign\"": null, \""symbol\"": null}, \""item_price\"": {\""unit_amount\"": 599, \""currency\"": \""USD\"", \""display_string\"": \""None5.99\"", \""decimal_places\"": 2, \""sign\"": null, \""symbol\"": null}, \""non_discount_price_per_unit\"": {\""unit_amount\"": 0, \""currency\"": \""USD\"", \""display_string\"": \""None0.00\"", \""decimal_places\"": 2, \""sign\"": null, \""symbol\"": null}, \""non_discount_item_price\"": {\""unit_amount\"": 0, \""currency\"": \""USD\"", \""display_string\"": \""None0.00\"", \""decimal_places\"": 2, \""sign\"": null, \""symbol\"": null}, \""sold_by_weight\"": false, \""confidence_score\"": 1.0}, {\""merchant_supplied_id\"": \""5632974\"", \""display_name\"": \""Sweet Loren's Chocolate Lover's Cookie Dough (12 oz)\"", \""ocr_description\"": \""CHOC LVR COOKIE DOUG\"", \""quantity\"": {\""value\"": 1.0}, \""price_per_unit\"": {\""unit_amount\"": 699, \""currency\"": \""USD\"", \""display_string\"": \""None6.99\"", \""decimal_places\"": 2, \""sign\"": null, \""symbol\"": null}, \""item_price\"": {\""unit_amount\"": 699, \""currency\"": \""USD\"", \""display_string\"": \""None6.99\"", \""decimal_places\"": 2, \""sign\"": null, \""symbol\"": null}, \""non_discount_price_per_unit\"": {\""unit_amount\"": 0, \""currency\"": \""USD\"", \""display_string\"": \""None0.00\"", \""decimal_places\"": 2, \""sign\"": null, \""symbol\"": null}, \""non_discount_item_price\"": {\""unit_amount\"": 0, \""currency\"": \""USD\"", \""display_string\"": \""None0.00\"", \""decimal_places\"": 2, \""sign\"": null, \""symbol\"": null}, \""sold_by_weight\"": false, \""confidence_score\"": 1.0}, {\""merchant_supplied_id\"": \""5583414\"", \""display_name\"": \""Olipop Crisp Apple Sparkling Tonic (12 oz)\"", \""ocr_description\"": \""CRISP APPLE TONIC\"", \""quantity\"": {\""value\"": 1.0}, \""price_per_unit\"": {\""unit_amount\"": 200, \""currency\"": \""USD\"", \""display_string\"": \""None2.00\"", \""decimal_places\"": 2, \""sign\"": null, \""symbol\"": null}, \""item_price\"": {\""unit_amount\"": 200, \""currency\"": \""USD\"", \""display_string\"": \""None2.00\"", \""decimal_places\"": 2, \""sign\"": null, \""symbol\"": null}, \""non_discount_price_per_unit\"": {\""unit_amount\"": 0, \""currency\"": \""USD\"", \""display_string\"": \""None0.00\"", \""decimal_places\"": 2, \""sign\"": null, \""symbol\"": null}, \""non_discount_item_price\"": {\""unit_amount\"": 0, \""currency\"": \""USD\"", \""display_string\"": \""None0.00\"", \""decimal_places\"": 2, \""sign\"": null, \""symbol\"": null}, \""sold_by_weight\"": false, \""confidence_score\"": 1.0}, {\""merchant_supplied_id\"": \""5333964\"", \""display_name\"": \""Sprouts 1 qt Double Zipper Freezer Bags (19 ct)\"", \""ocr_description\"": \""QUART FREEZER BAGS\"", \""quantity\"": {\""value\"": 1.0}, \""price_per_unit\"": {\""unit_amount\"": 249, \""currency\"": \""USD\"", \""display_string\"": \""None2.49\"", \""decimal_places\"": 2, \""sign\"": null, \""symbol\"": null}, \""item_price\"": {\""unit_amount\"": 249, \""currency\"": \""USD\"", \""display_string\"": \""None2.49\"", \""decimal_places\"": 2, \""sign\"": null, \""symbol\"": null}, \""non_discount_price_per_unit\"": {\""unit_amount\"": 0, \""currency\"": \""USD\"", \""display_string\"": \""None0.00\"", \""decimal_places\"": 2, \""sign\"": null, \""symbol\"": null}, \""non_discount_item_price\"": {\""unit_amount\"": 0, \""currency\"": \""USD\"", \""display_string\"": \""None0.00\"", \""decimal_places\"": 2, \""sign\"": null, \""symbol\"": null}, \""sold_by_weight\"": false, \""confidence_score\"": 1.0}, {\""merchant_supplied_id\"": \""5333942\"", \""display_name\"": \""Sprouts Double Zipper Sandwich Food Bags (40 ct)\"", \""ocr_description\"": \""SANDWICH BAGS\"", \""quantity\"": {\""value\"": 1.0}, \""price_per_unit\"": {\""unit_amount\"": 249, \""currency\"": \""USD\"", \""display_string\"": \""None2.49\"", \""decimal_places\"": 2, \""sign\"": null, \""symbol\"": null}, \""item_price\"": {\""unit_amount\"": 249, \""currency\"": \""USD\"", \""display_string\"": \""None2.49\"", \""decimal_places\"": 2, \""sign\"": null, \""symbol\"": null}, \""non_discount_price_per_unit\"": {\""unit_amount\"": 0, \""currency\"": \""USD\"", \""display_string\"": \""None0.00\"", \""decimal_places\"": 2, \""sign\"": null, \""symbol\"": null}, \""non_discount_item_price\"": {\""unit_amount\"": 0, \""currency\"": \""USD\"", \""display_string\"": \""None0.00\"", \""decimal_places\"": 2, \""sign\"": null, \""symbol\"": null}, \""sold_by_weight\"": false, \""confidence_score\"": 1.0}]""
  },
  {
    ""key"": ""bag_fee_info"",
    ""value"": ""{\""quantity\"": {\""value\"": 4.0}, \""price_per_unit\"": {\""unit_amount\"": 10, \""currency\"": \""USD\"", \""display_string\"": \""None0.10\"", \""decimal_places\"": 2, \""sign\"": null, \""symbol\"": null}, \""item_price\"": {\""unit_amount\"": 40, \""currency\"": \""USD\"", \""display_string\"": \""None0.40\"", \""decimal_places\"": 2, \""sign\"": null, \""symbol\"": null}, \""confidence_score\"": 1.0}""
  },
  {
    ""key"": ""blink_items_df"",
    ""value"": ""{\""ocr_description\"": {\""0\"": \""ARTICHOKES\"", \""1\"": \""CAULIFLOWER\"", \""2\"": \""GINGER ROOT\"", \""3\"": \""ORG ACORN SQUASH\"", \""4\"": \""ORG BABY BELLA MSHRM\"", \""5\"": \""ORG ITALIAN SQUASH\"", \""6\"": \""ORG TURMERIC BAG\"", \""7\"": \""ORGANIC BROCCOLETTE\"", \""8\"": \""ORGANIC GALA APPLES\"", \""9\"": \""YELLOW ONIONS\"", \""10\"": \""CASSAVA FUSILLI\"", \""11\"": \""DRK CHOC PB CUPS\"", \""12\"": \""ORG GARLIC POWDER\"", \""13\"": \""ORG HONEYCRISP CIDER\"", \""14\"": \""ORG SF STEAK SAUCE\"", \""15\"": \""ORG SOUR GIGGLE CNDY\"", \""16\"": \""ORGANIC FRUIT CHEWYS\"", \""17\"": \""CHOC LVR COOKIE DOUG\"", \""18\"": \""CRISP APPLE TONIC\"", \""19\"": \""QUART FREEZER BAGS\"", \""20\"": \""SANDWICH BAGS\"", \""21\"": \""PLASTIC BAG CHARGE\"", \""22\"": \""discount_cents\"", \""23\"": \""subtotal_cents\"", \""24\"": \""total_tax_cents\"", \""25\"": \""total_cents\""}, \""quantity\"": {\""0\"": 2.0, \""1\"": 2.51, \""2\"": 0.38, \""3\"": 2.26, \""4\"": 1.0, \""5\"": 1.73, \""6\"": 1.0, \""7\"": 2.0, \""8\"": 2.24, \""9\"": 0.92, \""10\"": 1.0, \""11\"": 2.0, \""12\"": 1.0, \""13\"": 1.0, \""14\"": 1.0, \""15\"": 1.0, \""16\"": 1.0, \""17\"": 1.0, \""18\"": 1.0, \""19\"": 1.0, \""20\"": 1.0, \""21\"": 4.0, \""22\"": NaN, \""23\"": NaN, \""24\"": NaN, \""25\"": NaN}, \""price_per_unit_cents\"": {\""0\"": 499.0, \""1\"": 199.0, \""2\"": 400.0, \""3\"": 199.0, \""4\"": 499.0, \""5\"": 199.0, \""6\"": 499.0, \""7\"": 399.0, \""8\"": 249.0, \""9\"": 149.0, \""10\"": 499.0, \""11\"": 549.0, \""12\"": 499.0, \""13\"": 899.0, \""14\"": 559.0, \""15\"": 599.0, \""16\"": 599.0, \""17\"": 699.0, \""18\"": 200.0, \""19\"": 249.0, \""20\"": 249.0, \""21\"": 10.0, \""22\"": NaN, \""23\"": NaN, \""24\"": NaN, \""25\"": NaN}, \""item_price_cents\"": {\""0\"": 998, \""1\"": 499, \""2\"": 152, \""3\"": 450, \""4\"": 499, \""5\"": 344, \""6\"": 499, \""7\"": 798, \""8\"": 558, \""9\"": 137, \""10\"": 499, \""11\"": 1098, \""12\"": 499, \""13\"": 899, \""14\"": 559, \""15\"": 599, \""16\"": 599, \""17\"": 699, \""18\"": 200, \""19\"": 249, \""20\"": 249, \""21\"": 40, \""22\"": 0, \""23\"": 11123, \""24\"": 0, \""25\"": 11123}}""
  },
  {
    ""key"": ""input_swipe_amount"",
    ""value"": ""11123""
  },
  {
    ""key"": ""is_legible"",
    ""value"": ""true""
  },
  {
    ""key"": ""input_item_info"",
    ""value"": ""[{\""merchant_supplied_id\"": \""5632974\"", \""display_name\"": \""Sweet Loren's Chocolate Lover's Cookie Dough (12 oz)\"", \""scanned_barcode\"": {\""code\"": \""850010272047\"", \""format\"": \""UPCA\""}}, {\""merchant_supplied_id\"": \""58806\"", \""display_name\"": \""Ginger Root (each)\"", \""scanned_barcode\"": null}, {\""merchant_supplied_id\"": \""5333964\"", \""display_name\"": \""Sprouts 1 qt Double Zipper Freezer Bags (19 ct)\"", \""scanned_barcode\"": {\""code\"": \""646670314070\"", \""format\"": \""UPCA\""}}, {\""merchant_supplied_id\"": \""59287\"", \""display_name\"": \""Yellow Onion (each)\"", \""scanned_barcode\"": null}, {\""merchant_supplied_id\"": \""5471977\"", \""display_name\"": \""Monterey Mushrooms Organic Whole Baby Bella Mushrooms (16 oz)\"", \""scanned_barcode\"": {\""code\"": \""642102356250\"", \""format\"": \""UPCA\""}}, {\""merchant_supplied_id\"": \""5494305\"", \""display_name\"": \""YumEarth Giggles Chewy Candy Sour (5 oz)\"", \""scanned_barcode\"": {\""code\"": \""810165019416\"", \""format\"": \""UPCA\""}}, {\""merchant_supplied_id\"": \""5619669\"", \""display_name\"": \""Unreal Dark Chocolate Peanut Butter Cups (4.2 oz)\"", \""scanned_barcode\"": {\""code\"": \""855571005158\"", \""format\"": \""UPCA\""}}, {\""merchant_supplied_id\"": \""5003114\"", \""display_name\"": \""Organic Broccolette\"", \""scanned_barcode\"": null}, {\""merchant_supplied_id\"": \""5586144\"", \""display_name\"": \""YUMEARTH Organic Chewys Fruit Chews (5 oz)\"", \""scanned_barcode\"": {\""code\"": \""810165019614\"", \""format\"": \""UPCA\""}}, {\""merchant_supplied_id\"": \""5583414\"", \""display_name\"": \""Olipop Crisp Apple Sparkling Tonic (12 oz)\"", \""scanned_barcode\"": {\""code\"": \""850027702193\"", \""format\"": \""UPCA\""}}, {\""merchant_supplied_id\"": \""58406\"", \""display_name\"": \""Artichoke\"", \""scanned_barcode\"": null}, {\""merchant_supplied_id\"": \""60039\"", \""display_name\"": \""Organic Italian Squash (each)\"", \""scanned_barcode\"": null}, {\""merchant_supplied_id\"": \""5585202\"", \""display_name\"": \""Martinelli's Organic Gold Medal Apple Cider Honeycrisp (33.8 oz)\"", \""scanned_barcode\"": {\""code\"": \""041244030101\"", \""format\"": \""UPCA\""}}, {\""merchant_supplied_id\"": \""58608\"", \""display_name\"": \""Organic Cauliflower (each)\"", \""scanned_barcode\"": null}, {\""merchant_supplied_id\"": \""5409103\"", \""display_name\"": \""Organic And Sugar Free Steak Sauce (8.5 oz)\"", \""scanned_barcode\"": {\""code\"": \""855232007415\"", \""format\"": \""UPCA\""}}, {\""merchant_supplied_id\"": \""5499421\"", \""display_name\"": \""Sprouts Organic Garlic Powder (2.12 oz)\"", \""scanned_barcode\"": {\""code\"": \""646670514678\"", \""format\"": \""UPCA\""}}, {\""merchant_supplied_id\"": \""60014\"", \""display_name\"": \""Organic Acorn Squash (each)\"", \""scanned_barcode\"": null}, {\""merchant_supplied_id\"": \""5333942\"", \""display_name\"": \""Sprouts Double Zipper Sandwich Food Bags (40 ct)\"", \""scanned_barcode\"": {\""code\"": \""646670314094\"", \""format\"": \""UPCA\""}}, {\""merchant_supplied_id\"": \""5541192\"", \""display_name\"": \""Organic Turmeric (bag)\"", \""scanned_barcode\"": {\""code\"": \""045255154245\"", \""format\"": \""UPCA\""}}, {\""merchant_supplied_id\"": \""58301\"", \""display_name\"": \""Organic Gala Apple (each)\"", \""scanned_barcode\"": null}, {\""merchant_supplied_id\"": \""5487571\"", \""display_name\"": \""Jovial Grain-Free Cassava Fusilli Pasta (8 oz)\"", \""scanned_barcode\"": {\""code\"": \""815421011913\"", \""format\"": \""UNSPECIFIED\""}}]""
  },
  {
    ""key"": ""url"",
    ""value"": ""\""https://img.cdn4dd.com/cdn-cgi/image/format=auto/https://doordash-static.s3.amazonaws.com/media/photosV2/e7471b60-bd2d-4428-ac0a-edfb799dece9-retina-large.jpeg\""""
  },
  {
    ""key"": ""sanity_checks"",
    ""value"": ""{\""swipe_match\"": true, \""subtotal_match\"": true, \""tax_match\"": true, \""items_length_match\"": true, \""ok_ocr_name_deduping\"": true, \""item_price_reasonableness\"": true, \""weights_look_ok\"": true, \""bag_fee_max_price\"": true, \""bottle_fee_max_price\"": true, \""bag_fee_max_count\"": true, \""bottle_fee_max_count\"": true, \""tax_vs_subtotal_sanity_check\"": true, \""has_no_unknown_items\"": true, \""has_no_missing_items\"": true, \""delivery_discounts_are_nonzero\"": true}""
  },
  {
    ""key"": ""bottle_fee_info"",
    ""value"": ""{\""quantity\"": {\""value\"": 0}, \""price_per_unit\"": {\""unit_amount\"": 0, \""currency\"": \""USD\"", \""display_string\"": \""None0.00\"", \""decimal_places\"": 2, \""sign\"": null, \""symbol\"": null}, \""item_price\"": {\""unit_amount\"": 0, \""currency\"": \""USD\"", \""display_string\"": \""None0.00\"", \""decimal_places\"": 2, \""sign\"": null, \""symbol\"": null}, \""confidence_score\"": 1.0}""
  },
  {
    ""key"": ""delivery_uuid"",
    ""value"": ""\""0ed8b395-04bd-3001-a042-34e55fe3ab6a\""""
  },
  {
    ""key"": ""missing_item_info"",
    ""value"": ""[]""
  },
  {
    ""key"": ""tax_amount"",
    ""value"": ""{\""money\"": {\""unit_amount\"": 0, \""currency\"": \""USD\"", \""display_string\"": \""None0.00\"", \""decimal_places\"": 2, \""sign\"": null, \""symbol\"": null}, \""confidence_score\"": 1.0}""
  },
  {
    ""key"": ""confidence_score"",
    ""value"": ""1.0""
  },
  {
    ""key"": ""raw_blink_receipt"",
    ""value"": ""{\""banner_id\"": 0, \""cashier\"": {\""confidence\"": 99.9920654296875, \""value\"": \""305\""}, \""date\"": {\""confidence\"": 99.98750305175781, \""value\"": \""09/08/2024\""}, \""isDigital\"": false, \""isFraudulent\"": false, \""is_blurry\"": false, \""is_instacart_shopper\"": false, \""is_receipt\"": true, \""is_screen\"": false, \""item_confidence\"": 99, \""last4cc\"": {\""confidence\"": 99.82975006103516, \""value\"": \""8978\""}, \""merchant_confidence\"": 98, \""merchant_name\"": \""Farmers Market\"", \""ocr_confidence\"": 99.6576919555664, \""paymentMethods\"": [{\""amount\"": {\""confidence\"": 0, \""value\"": 0}, \""cardType\"": {\""confidence\"": 100, \""value\"": \""Mastercard\""}, \""method\"": {\""confidence\"": 99.86119842529297, \""value\"": \""Cash\""}}, {\""amount\"": {\""confidence\"": 0, \""value\"": 111.23}, \""method\"": {\""confidence\"": 99.98050689697266, \""value\"": \""Credit\""}}], \""phones\"": [{\""confidence\"": 99.90105438232422, \""value\"": \""561-654-2692\""}], \""products\"": [{\""infoLines\"": [{\""line\"": 1021, \""text\"": {\""confidence\"": 100, \""value\"": \""2 @ 4.99\""}, \""type\"": {\""confidence\"": 100, \""value\"": \""Quantity\""}}], \""line\"": 1020, \""price\"": {\""confidence\"": 99.97269439697266, \""value\"": 4.99}, \""price_postfix\"": \""F\"", \""qty\"": {\""confidence\"": 0, \""value\"": 2}, \""rsd\"": {\""confidence\"": 99.97269439697266, \""original_case_value\"": \""ARTICHOKES\"", \""value\"": \""ARTICHOKES\""}, \""totalPrice\"": {\""confidence\"": 0, \""value\"": 9.98}}, {\""infoLines\"": [{\""line\"": 1023, \""text\"": {\""confidence\"": 100, \""value\"": \""2.51 lb @ $1.99 / lb\""}, \""type\"": {\""confidence\"": 100, \""value\"": \""Weight\""}}], \""line\"": 1022, \""price\"": {\""confidence\"": 0, \""value\"": 1.99}, \""price_postfix\"": \""F\"", \""qty\"": {\""confidence\"": 0, \""value\"": 2.51}, \""rsd\"": {\""confidence\"": 100, \""original_case_value\"": \""CAULIFLOWER\"", \""value\"": \""CAULIFLOWER\""}, \""totalPrice\"": {\""confidence\"": 0, \""value\"": 4.99}, \""uom\"": {\""confidence\"": 0, \""value\"": \""lb\""}}, {\""infoLines\"": [{\""line\"": 1025, \""text\"": {\""confidence\"": 100, \""value\"": \""0.38 lb @ $3.99 / lb\""}, \""type\"": {\""confidence\"": 100, \""value\"": \""Weight\""}}], \""line\"": 1024, \""price\"": {\""confidence\"": 0, \""value\"": 3.99}, \""price_postfix\"": \""F\"", \""qty\"": {\""confidence\"": 0, \""value\"": 0.38}, \""rsd\"": {\""confidence\"": 100, \""original_case_value\"": \""GINGER ROOT\"", \""value\"": \""GINGER ROOT\""}, \""totalPrice\"": {\""confidence\"": 0, \""value\"": 1.52}, \""uom\"": {\""confidence\"": 0, \""value\"": \""lb\""}}, {\""infoLines\"": [{\""line\"": 1027, \""text\"": {\""confidence\"": 100, \""value\"": \""2.26 lb @ $1.99 / lb\""}, \""type\"": {\""confidence\"": 100, \""value\"": \""Weight\""}}], \""line\"": 1026, \""price\"": {\""confidence\"": 0, \""value\"": 1.99}, \""price_postfix\"": \""F\"", \""qty\"": {\""confidence\"": 0, \""value\"": 2.26}, \""rsd\"": {\""confidence\"": 100, \""original_case_value\"": \""ORG ACORN SQUASH\"", \""value\"": \""ORG ACORN SQUASH\""}, \""totalPrice\"": {\""confidence\"": 0, \""value\"": 4.5}, \""uom\"": {\""confidence\"": 0, \""value\"": \""lb\""}}, {\""line\"": 1028, \""price\"": {\""confidence\"": 99.99075317382812, \""value\"": 4.99}, \""price_postfix\"": \""F\"", \""qty\"": {\""confidence\"": 0, \""value\"": 1}, \""rsd\"": {\""confidence\"": 99.9818344116211, \""original_case_value\"": \""ORG BABY BELLA MSHRM\"", \""value\"": \""ORG BABY BELLA MSHRM\""}, \""totalPrice\"": {\""confidence\"": 0, \""value\"": 4.99}}, {\""infoLines\"": [{\""line\"": 1030, \""text\"": {\""confidence\"": 100, \""value\"": \""1.73 lb @ $1.99 / lb\""}, \""type\"": {\""confidence\"": 100, \""value\"": \""Weight\""}}], \""line\"": 1029, \""price\"": {\""confidence\"": 0, \""value\"": 1.99}, \""price_postfix\"": \""F\"", \""qty\"": {\""confidence\"": 0, \""value\"": 1.73}, \""rsd\"": {\""confidence\"": 100, \""original_case_value\"": \""ORG ITALIAN SQUASH\"", \""value\"": \""ORG ITALIAN SQUASH\""}, \""totalPrice\"": {\""confidence\"": 0, \""value\"": 3.44}, \""uom\"": {\""confidence\"": 0, \""value\"": \""lb\""}}, {\""line\"": 1031, \""price\"": {\""confidence\"": 99.990234375, \""value\"": 4.99}, \""price_postfix\"": \""F\"", \""qty\"": {\""confidence\"": 0, \""value\"": 1}, \""rsd\"": {\""confidence\"": 99.97774505615234, \""original_case_value\"": \""ORG TURMERIC BAG\"", \""value\"": \""ORG TURMERIC BAG\""}, \""totalPrice\"": {\""confidence\"": 0, \""value\"": 4.99}}, {\""infoLines\"": [{\""line\"": 1033, \""text\"": {\""confidence\"": 100, \""value\"": \""2 @ 3.99\""}, \""type\"": {\""confidence\"": 100, \""value\"": \""Quantity\""}}], \""line\"": 1032, \""price\"": {\""confidence\"": 99.97982788085938, \""value\"": 3.99}, \""price_postfix\"": \""F\"", \""qty\"": {\""confidence\"": 0, \""value\"": 2}, \""rsd\"": {\""confidence\"": 99.97982788085938, \""original_case_value\"": \""ORGANIC BROCCOLETTE\"", \""value\"": \""ORGANIC BROCCOLETTE\""}, \""totalPrice\"": {\""confidence\"": 0, \""value\"": 7.98}}, {\""infoLines\"": [{\""line\"": 1035, \""text\"": {\""confidence\"": 100, \""value\"": \""2.24 lb @ $2.49 / lb\""}, \""type\"": {\""confidence\"": 100, \""value\"": \""Weight\""}}], \""line\"": 1034, \""price\"": {\""confidence\"": 0, \""value\"": 2.49}, \""price_postfix\"": \""F\"", \""qty\"": {\""confidence\"": 0, \""value\"": 2.24}, \""rsd\"": {\""confidence\"": 100, \""original_case_value\"": \""ORGANIC GALA APPLES\"", \""value\"": \""ORGANIC GALA APPLES\""}, \""totalPrice\"": {\""confidence\"": 0, \""value\"": 5.58}, \""uom\"": {\""confidence\"": 0, \""value\"": \""lb\""}}, {\""infoLines\"": [{\""line\"": 1037, \""text\"": {\""confidence\"": 100, \""value\"": \""0.92 lb @ $1.49 / lb\""}, \""type\"": {\""confidence\"": 100, \""value\"": \""Weight\""}}], \""line\"": 1036, \""price\"": {\""confidence\"": 0, \""value\"": 1.49}, \""price_postfix\"": \""F\"", \""qty\"": {\""confidence\"": 0, \""value\"": 0.92}, \""rsd\"": {\""confidence\"": 100, \""original_case_value\"": \""YELLOW ONIONS\"", \""value\"": \""YELLOW ONIONS\""}, \""totalPrice\"": {\""confidence\"": 0, \""value\"": 1.37}, \""uom\"": {\""confidence\"": 0, \""value\"": \""lb\""}}, {\""line\"": 1040, \""price\"": {\""confidence\"": 99.9887466430664, \""value\"": 4.99}, \""price_postfix\"": \""F\"", \""qty\"": {\""confidence\"": 0, \""value\"": 1}, \""rsd\"": {\""confidence\"": 99.98368072509766, \""original_case_value\"": \""CASSAVA FUSILLI\"", \""value\"": \""CASSAVA FUSILLI\""}, \""totalPrice\"": {\""confidence\"": 0, \""value\"": 4.99}}, {\""infoLines\"": [{\""line\"": 1042, \""text\"": {\""confidence\"": 100, \""value\"": \""2 @ 5.49\""}, \""type\"": {\""confidence\"": 100, \""value\"": \""Quantity\""}}], \""line\"": 1041, \""price\"": {\""confidence\"": 99.98749542236328, \""value\"": 5.49}, \""price_postfix\"": \""F\"", \""qty\"": {\""confidence\"": 0, \""value\"": 2}, \""rsd\"": {\""confidence\"": 99.98749542236328, \""original_case_value\"": \""DRK CHOC PB CUPS\"", \""value\"": \""DRK CHOC PB CUPS\""}, \""totalPrice\"": {\""confidence\"": 0, \""value\"": 10.98}}, {\""line\"": 1043, \""price\"": {\""confidence\"": 99.97705078125, \""value\"": 4.99}, \""price_postfix\"": \""F\"", \""qty\"": {\""confidence\"": 0, \""value\"": 1}, \""rsd\"": {\""confidence\"": 99.97885131835938, \""original_case_value\"": \""ORG GARLIC POWDER\"", \""value\"": \""ORG GARLIC POWDER\""}, \""totalPrice\"": {\""confidence\"": 0, \""value\"": 4.99}}, {\""line\"": 1044, \""price\"": {\""confidence\"": 99.98741912841797, \""value\"": 8.99}, \""price_postfix\"": \""F\"", \""qty\"": {\""confidence\"": 0, \""value\"": 1}, \""rsd\"": {\""confidence\"": 99.97731018066406, \""original_case_value\"": \""ORG HONEYCRISP CIDER\"", \""value\"": \""ORG HONEYCRISP CIDER\""}, \""totalPrice\"": {\""confidence\"": 0, \""value\"": 8.99}}, {\""line\"": 1045, \""price\"": {\""confidence\"": 99.9882583618164, \""value\"": 5.59}, \""price_postfix\"": \""F\"", \""qty\"": {\""confidence\"": 0, \""value\"": 1}, \""rsd\"": {\""confidence\"": 99.98302459716797, \""original_case_value\"": \""ORG SF STEAK SAUCE\"", \""value\"": \""ORG SF STEAK SAUCE\""}, \""totalPrice\"": {\""confidence\"": 0, \""value\"": 5.59}}, {\""line\"": 1046, \""price\"": {\""confidence\"": 99.9902572631836, \""value\"": 5.99}, \""price_postfix\"": \""F\"", \""qty\"": {\""confidence\"": 0, \""value\"": 1}, \""rsd\"": {\""confidence\"": 99.9778060913086, \""original_case_value\"": \""ORG SOUR GIGGLE CNDY\"", \""value\"": \""ORG SOUR GIGGLE CNDY\""}, \""totalPrice\"": {\""confidence\"": 0, \""value\"": 5.99}}, {\""line\"": 1047, \""price\"": {\""confidence\"": 99.9878921508789, \""value\"": 5.99}, \""price_postfix\"": \""F\"", \""qty\"": {\""confidence\"": 0, \""value\"": 1}, \""rsd\"": {\""confidence\"": 99.98031616210938, \""original_case_value\"": \""ORGANIC FRUIT CHEWYS\"", \""value\"": \""ORGANIC FRUIT CHEWYS\""}, \""totalPrice\"": {\""confidence\"": 0, \""value\"": 5.99}}, {\""line\"": 1050, \""price\"": {\""confidence\"": 99.99165344238281, \""value\"": 6.99}, \""price_postfix\"": \""F\"", \""qty\"": {\""confidence\"": 0, \""value\"": 1}, \""rsd\"": {\""confidence\"": 99.98513793945312, \""original_case_value\"": \""CHOC LVR COOKIE DOUG\"", \""value\"": \""CHOC LVR COOKIE DOUG\""}, \""totalPrice\"": {\""confidence\"": 0, \""value\"": 6.99}}, {\""infoLines\"": [{\""line\"": 1052, \""text\"": {\""confidence\"": 100, \""value\"": \""2.00\""}, \""type\"": {\""confidence\"": 100, \""value\"": \""Quantity\""}}], \""line\"": 1051, \""price\"": {\""confidence\"": 99.98348236083984, \""value\"": 2}, \""price_postfix\"": \""F\"", \""qty\"": {\""confidence\"": 0, \""value\"": 1}, \""rsd\"": {\""confidence\"": 99.98348236083984, \""original_case_value\"": \""CRISP APPLE TONIC\"", \""value\"": \""CRISP APPLE TONIC\""}, \""totalPrice\"": {\""confidence\"": 0, \""value\"": 2}}, {\""line\"": 1055, \""price\"": {\""confidence\"": 99.99246215820312, \""value\"": 2.49}, \""qty\"": {\""confidence\"": 0, \""value\"": 1}, \""rsd\"": {\""confidence\"": 99.98104095458984, \""original_case_value\"": \""QUART FREEZER BAGS\"", \""value\"": \""QUART FREEZER BAGS\""}, \""totalPrice\"": {\""confidence\"": 0, \""value\"": 2.49}}, {\""line\"": 1056, \""price\"": {\""confidence\"": 99.97836303710938, \""value\"": 2.49}, \""qty\"": {\""confidence\"": 0, \""value\"": 1}, \""rsd\"": {\""confidence\"": 99.97728729248047, \""original_case_value\"": \""SANDWICH BAGS\"", \""value\"": \""SANDWICH BAGS\""}, \""totalPrice\"": {\""confidence\"": 0, \""value\"": 2.49}}, {\""infoLines\"": [{\""line\"": 1060, \""text\"": {\""confidence\"": 100, \""value\"": \""4 @ 0.10\""}, \""type\"": {\""confidence\"": 100, \""value\"": \""Quantity\""}}], \""line\"": 1059, \""price\"": {\""confidence\"": 99.98192596435547, \""value\"": 0.1}, \""qty\"": {\""confidence\"": 0, \""value\"": 4}, \""rsd\"": {\""confidence\"": 99.98192596435547, \""original_case_value\"": \""PLASTIC BAG CHARGE\"", \""value\"": \""PLASTIC BAG CHARGE\""}, \""totalPrice\"": {\""confidence\"": 0, \""value\"": 0.4}}], \""purchase_type\"": \""In-Store\"", \""raw_basket\"": \""ARTICHOKES 9.98 F\\n2 @ 4.99\\nCAULIFLOWER 4.99 F\\n2.51 lb @ $1.99 / lb\\nGINGER ROOT 1.52 F\\n0.38 lb @ $3.99 / lb\\nORG ACORN SQUASH 4.50 F\\n2.26 lb @ $1.99 / lb\\nORG BABY BELLA MSHRM 4.99 F\\nORG ITALIAN SQUASH 3.44 F\\n1.73 lb @ $1.99 / lb\\nORG TURMERIC BAG 4.99 F\\nORGANIC BROCCOLETTE 7.98 F\\n2 @ 3.99\\nORGANIC GALA APPLES 5.58 F\\n2.24 lb @ $2.49 / lb\\nYELLOW ONIONS 1.37 F\\n0.92 lb @ $1.49 / lb\\nGROCERY\\nCASSAVA FUSILLI 4.99 F\\nDRK CHOC PB CUPS 10.98 F\\n2 @ 5.49\\nORG GARLIC POWDER 4.99 F\\nORG HONEYCRISP CIDER 8.99 F\\nORG SF STEAK SAUCE 5.59 F\\nORG SOUR GIGGLE CNDY 5.99 F\\nORGANIC FRUIT CHEWYS 5.99 F\\nDAIRY\\nCHOC LVR COOKIE DOUG 6.99 F\\nCRISP APPLE TONIC 2.00 F\\n2.00\\nTAXABLE GROCERY\\nQUART FREEZER BAGS 2.49\\nSANDWICH BAGS 2.49\\nCRV\\nPLASTIC BAG CHARGE 0.40\\n4 @ 0.10\\n\"", \""raw_text_array\"": [\""SPROUTS\\nFARMERS MARKET\\n5030 W. Atlantic Ave.\\nDelray Beach, FL 33484\\n(561) 654 - 2692\\nStore Hours MON-SUN 7AM-10PM\\n\\nPURCHASE\\n\\nMaster Card #SXXXXXXXXXXXX8978\\nAuth # 773260 Exp Date **/**\\nLane # 04 Cashier # 305\\n09/08/24 11:41 Ref/Seq # 048460\\nMrch=051861 Term=001 IC=CC\\nEPS Sequence # 048460\\nTotal $ 111.23\\n\\n\\n\\nPRODUCE\\nARTICHOKES 9.98 F\\n2 @ 4.99\\nCAULIFLOWER 4.99 F\\n2.51 lb @ $1.99 / lb\\nGINGER ROOT 1.52 F\\n0.38 lb @ $3.99 / lb\\nORG ACORN SQUASH 4.50 F\\n2.26 lb @ $1.99 / lb\\nORG BABY BELLA MSHRM 4.99 F\\nORG ITALIAN SQUASH 3.44 F\\n1.73 lb @ $1.99 / lb\\nORG TURMERIC BAG 4.99 F\\nORGANIC BROCCOLETTE 7.98 F\\n2 @ 3.99\\nORGANIC GALA APPLES 5.58 F\\n2.24 lb @ $2.49 / lb\\nYELLOW ONIONS 1.37 F\\n0.92 lb @ $1.49 / lb\\n\\nGROCERY\\nCASSAVA FUSILLI 4.99 F\\nDRK CHOC PB CUPS 10.98 F\\n2 @ 5.49\\nORG GARLIC POWDER 4.99 F\\nORG HONEYCRISP CIDER 8.99 F\\nORG SF STEAK SAUCE 5.59 F\\nORG SOUR GIGGLE CNDY 5.99 F\\nORGANIC FRUIT CHEWYS 5.99 F\\n\\nDAIRY\\nCHOC LVR COOKIE DOUG 6.99 F\\nCRISP APPLE TONIC 2.00 F\\n1 @ 2 FOR 4.00\\n\\nTAXABLE GROCERY\\nQUART FREEZER BAGS 2.49\\nSANDWICH BAGS 2.49\\n\\nCRV\\nPLASTIC BAG CHARGE 0.40\\n4 @ 0.10\\n\\nDEPARTMENT DELT\\nDOOR DASH ORDER 0.00\\n\\nBALANCE DUE 111.23\\nCREDIT $111.23\\n[ ] XXXXXXXXXXXX8978\\nAuth# 773260 Ref# 048460\\n\""], \""raw_trip_footer\"": \""DEPARTMENT DELT\\nDOOR DASH ORDER 0.00\\nBALANCE DUE 111.23\\nCREDIT $111.23\\n[ ] XXXXXXXXXXXX8978\\nAuth# 773260 Ref# 048460\\n\"", \""raw_trip_header\"": \""SPROUTS\\nFARMERS MARKET\\n5030 W. Atlantic Ave.\\nDelray Beach, FL 33484\\n(561) 654 - 2692\\nStore Hours MON-SUN 7AM-10PM\\nPURCHASE\\nMaster Card #SXXXXXXXXXXXX8978\\nAuth # 773260 Exp Date **/**\\nLane # 04 Cashier # 305\\n09/08/24 11:41 Ref/Seq # 048460\\nMrch=051861 Term=001 IC=CC\\nEPS Sequence # 048460\\nTotal $ 111.23\\nPRODUCE\\n\"", \""register\"": {\""confidence\"": 99.98345184326172, \""value\"": \""001\""}, \""store_city\"": {\""confidence\"": 99.97662353515625, \""value\"": \""Delray Beach\""}, \""store_state\"": {\""confidence\"": 99.97662353515625, \""value\"": \""FL\""}, \""store_street\"": {\""confidence\"": 99.9414291381836, \""value\"": \""5030 W. Atlantic Ave.\""}, \""store_zip\"": {\""confidence\"": 99.97662353515625, \""value\"": \""33484\""}, \""subtotal\"": {\""confidence\"": 100, \""value\"": 111.23}, \""time\"": {\""confidence\"": 99.98750305175781, \""value\"": \""11:41\""}, \""total\"": {\""confidence\"": 95, \""value\"": 111.23}, \""trip_confidence\"": 100, \""blink_receipt_id\"": \""92a69044-fdb6-4c6d-9227-3792616b7837\"", \""cashback\"": 0, \""image_urls\"": [\""https://img.cdn4dd.com/cdn-cgi/image/format=auto/https://doordash-static.s3.amazonaws.com/media/photosV2/e7471b60-bd2d-4428-ac0a-edfb799dece9-retina-large.jpeg\""], \""country_code\"": \""US\"", \""api_version\"": 14}""
  }
]"
"[
  {
    ""key"": ""unmatched_item_info"",
    ""value"": ""[]""
  },
  {
    ""key"": ""embedding_matching_df"",
    ""value"": ""{\""TOMATILLOS\"": {\""Pork Baby Back Ribs (each)\"": 0.1795288322541442, \""First Street Purified Drinking Water (1 gal)\"": 0.18744212027626322, \""Bagged Milperos\"": 0.2922149336091766, \""Hormel Gatherings Hard Salami & Pepperoni Party Tray (28 oz)\"": 0.2053279858421801, \""Tomatillo (each)\"": 0.6924920017249439, \""Ritz Peanut Butter Sandwich Crackers (8 pk x 6 ct)\"": 0.15646608312674276, \""Mexican Papaya (each)\"": 0.39728981766397137, \""Bag Fee\"": 0.1787307091730984, \""Bottle Deposit aka CRV\"": 0.16917919989185679, \""Unknown Item\"": 0.22652029102247917}, \""BAGGED MILPEROS\"": {\""Pork Baby Back Ribs (each)\"": 0.20010493940953847, \""First Street Purified Drinking Water (1 gal)\"": 0.23327418183443957, \""Bagged Milperos\"": 0.9043815219046234, \""Hormel Gatherings Hard Salami & Pepperoni Party Tray (28 oz)\"": 0.20678716738610894, \""Tomatillo (each)\"": 0.25216874958086916, \""Ritz Peanut Butter Sandwich Crackers (8 pk x 6 ct)\"": 0.1968426967265809, \""Mexican Papaya (each)\"": 0.26859811718996884, \""Bag Fee\"": 0.0, \""Bottle Deposit aka CRV\"": 0.0, \""Unknown Item\"": 0.24824308932935749}, \""MARADOL PAPAYA\"": {\""Pork Baby Back Ribs (each)\"": 0.2085467762292591, \""First Street Purified Drinking Water (1 gal)\"": 0.17597664382689196, \""Bagged Milperos\"": 0.3320417505735611, \""Hormel Gatherings Hard Salami & Pepperoni Party Tray (28 oz)\"": 0.23794644462706377, \""Tomatillo (each)\"": 0.32761261527416996, \""Ritz Peanut Butter Sandwich Crackers (8 pk x 6 ct)\"": 0.18709758800466048, \""Mexican Papaya (each)\"": 0.5274018021607778, \""Bag Fee\"": 0.0, \""Bottle Deposit aka CRV\"": 0.0, \""Unknown Item\"": 0.17386430039391415}, \""PORK BACK RIBS PREVIOUS\"": {\""Pork Baby Back Ribs (each)\"": 0.6193459530048436, \""First Street Purified Drinking Water (1 gal)\"": 0.195610602192906, \""Bagged Milperos\"": 0.23682597922475487, \""Hormel Gatherings Hard Salami & Pepperoni Party Tray (28 oz)\"": 0.24801230626642407, \""Tomatillo (each)\"": 0.1969690706121885, \""Ritz Peanut Butter Sandwich Crackers (8 pk x 6 ct)\"": 0.26429546830572226, \""Mexican Papaya (each)\"": 0.23069920355717755, \""Bag Fee\"": 0.0, \""Bottle Deposit aka CRV\"": 0.0, \""Unknown Item\"": 0.2045579152319437}, \""HORMEL MEAT & CHEESE TR\"": {\""Pork Baby Back Ribs (each)\"": 0.2751685525793758, \""First Street Purified Drinking Water (1 gal)\"": 0.23072438644877288, \""Bagged Milperos\"": 0.2857966137198856, \""Hormel Gatherings Hard Salami & Pepperoni Party Tray (28 oz)\"": 0.5391932228934941, \""Tomatillo (each)\"": 0.2601431973318545, \""Ritz Peanut Butter Sandwich Crackers (8 pk x 6 ct)\"": 0.3698976789581211, \""Mexican Papaya (each)\"": 0.2621930775941885, \""Bag Fee\"": 0.0, \""Bottle Deposit aka CRV\"": 0.0, \""Unknown Item\"": 0.22246701716910144}, \""RITZ CRACKERS WITH PEAN\"": {\""Pork Baby Back Ribs (each)\"": 0.22001088596257243, \""First Street Purified Drinking Water (1 gal)\"": 0.17458475261809384, \""Bagged Milperos\"": 0.23141448541452297, \""Hormel Gatherings Hard Salami & Pepperoni Party Tray (28 oz)\"": 0.3032948323113182, \""Tomatillo (each)\"": 0.19766570590036694, \""Ritz Peanut Butter Sandwich Crackers (8 pk x 6 ct)\"": 0.6197216033892211, \""Mexican Papaya (each)\"": 0.21101414712013836, \""Bag Fee\"": 0.0, \""Bottle Deposit aka CRV\"": 0.0, \""Unknown Item\"": 0.1416763628253759}, \""FIRST STREET WATER\"": {\""Pork Baby Back Ribs (each)\"": 0.1283752206857138, \""First Street Purified Drinking Water (1 gal)\"": 0.5772074572970598, \""Bagged Milperos\"": 0.2073849565781541, \""Hormel Gatherings Hard Salami & Pepperoni Party Tray (28 oz)\"": 0.08299872999050335, \""Tomatillo (each)\"": 0.10889982927960928, \""Ritz Peanut Butter Sandwich Crackers (8 pk x 6 ct)\"": 0.11480391607790714, \""Mexican Papaya (each)\"": 0.11345594527014784, \""Bag Fee\"": 0.1798530890652346, \""Bottle Deposit aka CRV\"": 0.22630104703968043, \""Unknown Item\"": 0.16307862586222951}, \""CRV FOODSTAMP NONTAXAB\"": {\""Pork Baby Back Ribs (each)\"": 0.1761779384721827, \""First Street Purified Drinking Water (1 gal)\"": 0.19659985979347389, \""Bagged Milperos\"": 0.2804836128967689, \""Hormel Gatherings Hard Salami & Pepperoni Party Tray (28 oz)\"": 0.17120113996666309, \""Tomatillo (each)\"": 0.17200172579293244, \""Ritz Peanut Butter Sandwich Crackers (8 pk x 6 ct)\"": 0.22463626123487615, \""Mexican Papaya (each)\"": 0.17954657887484887, \""Bag Fee\"": 0.26468437365738373, \""Bottle Deposit aka CRV\"": 0.44399295999722743, \""Unknown Item\"": 0.17609868176291057}, \""SFI BAG 4 CHECKSTAND RE\"": {\""Pork Baby Back Ribs (each)\"": 0.2034031971471177, \""First Street Purified Drinking Water (1 gal)\"": 0.21369386522867626, \""Bagged Milperos\"": 0.3729019412074597, \""Hormel Gatherings Hard Salami & Pepperoni Party Tray (28 oz)\"": 0.17427027964512481, \""Tomatillo (each)\"": 0.17841925589672797, \""Ritz Peanut Butter Sandwich Crackers (8 pk x 6 ct)\"": 0.23422085389821717, \""Mexican Papaya (each)\"": 0.1726316365348527, \""Bag Fee\"": 0.5234442570116075, \""Bottle Deposit aka CRV\"": 0.2668391949652878, \""Unknown Item\"": 0.18540205121345246}, \""Unknown Item\"": {\""Pork Baby Back Ribs (each)\"": 0.16951814936477275, \""First Street Purified Drinking Water (1 gal)\"": 0.17827582004533002, \""Bagged Milperos\"": 0.27433317962552356, \""Hormel Gatherings Hard Salami & Pepperoni Party Tray (28 oz)\"": 0.14772343338388733, \""Tomatillo (each)\"": 0.2388202678058639, \""Ritz Peanut Butter Sandwich Crackers (8 pk x 6 ct)\"": 0.1498286014405256, \""Mexican Papaya (each)\"": 0.1964817524438984, \""Bag Fee\"": 0.30044820010565, \""Bottle Deposit aka CRV\"": 0.21781315983963684, \""Unknown Item\"": 0.9990009990914867}}""
  },
  {
    ""key"": ""total_amount"",
    ""value"": ""{\""money\"": {\""unit_amount\"": 10910, \""currency\"": \""USD\"", \""display_string\"": \""None109.10\"", \""decimal_places\"": 2, \""sign\"": null, \""symbol\"": null}, \""confidence_score\"": 1.0}""
  },
  {
    ""key"": ""discount_amount"",
    ""value"": ""{\""money\"": {\""unit_amount\"": 0, \""currency\"": \""USD\"", \""display_string\"": \""None0.00\"", \""decimal_places\"": 2, \""sign\"": null, \""symbol\"": null}, \""confidence_score\"": 1.0}""
  },
  {
    ""key"": ""business_id"",
    ""value"": ""388144""
  },
  {
    ""key"": ""subtotal_amount"",
    ""value"": ""{\""money\"": {\""unit_amount\"": 10910, \""currency\"": \""USD\"", \""display_string\"": \""None109.10\"", \""decimal_places\"": 2, \""sign\"": null, \""symbol\"": null}, \""confidence_score\"": 1.0}""
  },
  {
    ""key"": ""tax_confidence_score"",
    ""value"": ""1.0""
  },
  {
    ""key"": ""matched_item_info"",
    ""value"": ""[{\""merchant_supplied_id\"": \""4801\"", \""display_name\"": \""Tomatillo (each)\"", \""ocr_description\"": \""TOMATILLOS\"", \""quantity\"": {\""value\"": 0.16}, \""price_per_unit\"": {\""unit_amount\"": 150, \""currency\"": \""USD\"", \""display_string\"": \""None1.50\"", \""decimal_places\"": 2, \""sign\"": null, \""symbol\"": null}, \""item_price\"": {\""unit_amount\"": 24, \""currency\"": \""USD\"", \""display_string\"": \""None0.24\"", \""decimal_places\"": 2, \""sign\"": null, \""symbol\"": null}, \""non_discount_price_per_unit\"": {\""unit_amount\"": 0, \""currency\"": \""USD\"", \""display_string\"": \""None0.00\"", \""decimal_places\"": 2, \""sign\"": null, \""symbol\"": null}, \""non_discount_item_price\"": {\""unit_amount\"": 0, \""currency\"": \""USD\"", \""display_string\"": \""None0.00\"", \""decimal_places\"": 2, \""sign\"": null, \""symbol\"": null}, \""sold_by_weight\"": true, \""confidence_score\"": 1.0}, {\""merchant_supplied_id\"": \""033074900303\"", \""display_name\"": \""Bagged Milperos\"", \""ocr_description\"": \""BAGGED MILPEROS\"", \""quantity\"": {\""value\"": 3.0}, \""price_per_unit\"": {\""unit_amount\"": 389, \""currency\"": \""USD\"", \""display_string\"": \""None3.89\"", \""decimal_places\"": 2, \""sign\"": null, \""symbol\"": null}, \""item_price\"": {\""unit_amount\"": 1167, \""currency\"": \""USD\"", \""display_string\"": \""None11.67\"", \""decimal_places\"": 2, \""sign\"": null, \""symbol\"": null}, \""non_discount_price_per_unit\"": {\""unit_amount\"": 0, \""currency\"": \""USD\"", \""display_string\"": \""None0.00\"", \""decimal_places\"": 2, \""sign\"": null, \""symbol\"": null}, \""non_discount_item_price\"": {\""unit_amount\"": 0, \""currency\"": \""USD\"", \""display_string\"": \""None0.00\"", \""decimal_places\"": 2, \""sign\"": null, \""symbol\"": null}, \""sold_by_weight\"": false, \""confidence_score\"": 1.0}, {\""merchant_supplied_id\"": \""4395\"", \""display_name\"": \""Mexican Papaya (each)\"", \""ocr_description\"": \""MARADOL PAPAYA\"", \""quantity\"": {\""value\"": 10.0}, \""price_per_unit\"": {\""unit_amount\"": 159, \""currency\"": \""USD\"", \""display_string\"": \""None1.59\"", \""decimal_places\"": 2, \""sign\"": null, \""symbol\"": null}, \""item_price\"": {\""unit_amount\"": 1590, \""currency\"": \""USD\"", \""display_string\"": \""None15.90\"", \""decimal_places\"": 2, \""sign\"": null, \""symbol\"": null}, \""non_discount_price_per_unit\"": {\""unit_amount\"": 0, \""currency\"": \""USD\"", \""display_string\"": \""None0.00\"", \""decimal_places\"": 2, \""sign\"": null, \""symbol\"": null}, \""non_discount_item_price\"": {\""unit_amount\"": 0, \""currency\"": \""USD\"", \""display_string\"": \""None0.00\"", \""decimal_places\"": 2, \""sign\"": null, \""symbol\"": null}, \""sold_by_weight\"": true, \""confidence_score\"": 1.0}, {\""merchant_supplied_id\"": \""298743000009\"", \""display_name\"": \""Pork Baby Back Ribs (each)\"", \""ocr_description\"": \""PORK BACK RIBS PREVIOUS\"", \""quantity\"": {\""value\"": 10.1}, \""price_per_unit\"": {\""unit_amount\"": 499, \""currency\"": \""USD\"", \""display_string\"": \""None4.99\"", \""decimal_places\"": 2, \""sign\"": null, \""symbol\"": null}, \""item_price\"": {\""unit_amount\"": 5040, \""currency\"": \""USD\"", \""display_string\"": \""None50.40\"", \""decimal_places\"": 2, \""sign\"": null, \""symbol\"": null}, \""non_discount_price_per_unit\"": {\""unit_amount\"": 0, \""currency\"": \""USD\"", \""display_string\"": \""None0.00\"", \""decimal_places\"": 2, \""sign\"": null, \""symbol\"": null}, \""non_discount_item_price\"": {\""unit_amount\"": 0, \""currency\"": \""USD\"", \""display_string\"": \""None0.00\"", \""decimal_places\"": 2, \""sign\"": null, \""symbol\"": null}, \""sold_by_weight\"": true, \""confidence_score\"": 1.0}, {\""merchant_supplied_id\"": \""037600330671\"", \""display_name\"": \""Hormel Gatherings Hard Salami & Pepperoni Party Tray (28 oz)\"", \""ocr_description\"": \""HORMEL MEAT & CHEESE TR\"", \""quantity\"": {\""value\"": 1.0}, \""price_per_unit\"": {\""unit_amount\"": 1819, \""currency\"": \""USD\"", \""display_string\"": \""None18.19\"", \""decimal_places\"": 2, \""sign\"": null, \""symbol\"": null}, \""item_price\"": {\""unit_amount\"": 1819, \""currency\"": \""USD\"", \""display_string\"": \""None18.19\"", \""decimal_places\"": 2, \""sign\"": null, \""symbol\"": null}, \""non_discount_price_per_unit\"": {\""unit_amount\"": 0, \""currency\"": \""USD\"", \""display_string\"": \""None0.00\"", \""decimal_places\"": 2, \""sign\"": null, \""symbol\"": null}, \""non_discount_item_price\"": {\""unit_amount\"": 0, \""currency\"": \""USD\"", \""display_string\"": \""None0.00\"", \""decimal_places\"": 2, \""sign\"": null, \""symbol\"": null}, \""sold_by_weight\"": false, \""confidence_score\"": 1.0}, {\""merchant_supplied_id\"": \""044000882105\"", \""display_name\"": \""Ritz Peanut Butter Sandwich Crackers (8 pk x 6 ct)\"", \""ocr_description\"": \""RITZ CRACKERS WITH PEAN\"", \""quantity\"": {\""value\"": 2.0}, \""price_per_unit\"": {\""unit_amount\"": 350, \""currency\"": \""USD\"", \""display_string\"": \""None3.50\"", \""decimal_places\"": 2, \""sign\"": null, \""symbol\"": null}, \""item_price\"": {\""unit_amount\"": 700, \""currency\"": \""USD\"", \""display_string\"": \""None7.00\"", \""decimal_places\"": 2, \""sign\"": null, \""symbol\"": null}, \""non_discount_price_per_unit\"": {\""unit_amount\"": 469, \""currency\"": \""USD\"", \""display_string\"": \""None4.69\"", \""decimal_places\"": 2, \""sign\"": null, \""symbol\"": null}, \""non_discount_item_price\"": {\""unit_amount\"": 938, \""currency\"": \""USD\"", \""display_string\"": \""None9.38\"", \""decimal_places\"": 2, \""sign\"": null, \""symbol\"": null}, \""sold_by_weight\"": false, \""confidence_score\"": 1.0}, {\""merchant_supplied_id\"": \""041512114328\"", \""display_name\"": \""First Street Purified Drinking Water (1 gal)\"", \""ocr_description\"": \""FIRST STREET WATER\"", \""quantity\"": {\""value\"": 4.0}, \""price_per_unit\"": {\""unit_amount\"": 125, \""currency\"": \""USD\"", \""display_string\"": \""None1.25\"", \""decimal_places\"": 2, \""sign\"": null, \""symbol\"": null}, \""item_price\"": {\""unit_amount\"": 500, \""currency\"": \""USD\"", \""display_string\"": \""None5.00\"", \""decimal_places\"": 2, \""sign\"": null, \""symbol\"": null}, \""non_discount_price_per_unit\"": {\""unit_amount\"": 0, \""currency\"": \""USD\"", \""display_string\"": \""None0.00\"", \""decimal_places\"": 2, \""sign\"": null, \""symbol\"": null}, \""non_discount_item_price\"": {\""unit_amount\"": 0, \""currency\"": \""USD\"", \""display_string\"": \""None0.00\"", \""decimal_places\"": 2, \""sign\"": null, \""symbol\"": null}, \""sold_by_weight\"": false, \""confidence_score\"": 1.0}]""
  },
  {
    ""key"": ""bag_fee_info"",
    ""value"": ""{\""quantity\"": {\""value\"": 3.0}, \""price_per_unit\"": {\""unit_amount\"": 10, \""currency\"": \""USD\"", \""display_string\"": \""None0.10\"", \""decimal_places\"": 2, \""sign\"": null, \""symbol\"": null}, \""item_price\"": {\""unit_amount\"": 30, \""currency\"": \""USD\"", \""display_string\"": \""None0.30\"", \""decimal_places\"": 2, \""sign\"": null, \""symbol\"": null}, \""confidence_score\"": 1.0}""
  },
  {
    ""key"": ""blink_items_df"",
    ""value"": ""{\""ocr_description\"": {\""0\"": \""TOMATILLOS\"", \""1\"": \""BAGGED MILPEROS\"", \""2\"": \""MARADOL PAPAYA\"", \""3\"": \""PORK BACK RIBS PREVIOUS\"", \""4\"": \""HORMEL MEAT & CHEESE TR\"", \""5\"": \""RITZ CRACKERS WITH PEAN\"", \""6\"": \""FIRST STREET WATER\"", \""7\"": \""CRV FOODSTAMP NONTAXAB\"", \""8\"": \""SFI BAG 4 CHECKSTAND RE\"", \""9\"": \""discount_cents\"", \""10\"": \""subtotal_cents\"", \""11\"": \""total_tax_cents\"", \""12\"": \""total_cents\""}, \""quantity\"": {\""0\"": 0.16, \""1\"": 3.0, \""2\"": 10.0, \""3\"": 10.1, \""4\"": 1.0, \""5\"": 2.0, \""6\"": 4.0, \""7\"": 4.0, \""8\"": 3.0, \""9\"": NaN, \""10\"": NaN, \""11\"": NaN, \""12\"": NaN}, \""price_per_unit_cents\"": {\""0\"": 150.0, \""1\"": 389.0, \""2\"": 159.0, \""3\"": 499.0, \""4\"": 1819.0, \""5\"": 350.0, \""6\"": 125.0, \""7\"": 10.0, \""8\"": 10.0, \""9\"": NaN, \""10\"": NaN, \""11\"": NaN, \""12\"": NaN}, \""item_price_cents\"": {\""0\"": 24, \""1\"": 1167, \""2\"": 1590, \""3\"": 5040, \""4\"": 1819, \""5\"": 700, \""6\"": 500, \""7\"": 40, \""8\"": 30, \""9\"": 0, \""10\"": 10910, \""11\"": 0, \""12\"": 10910}}""
  },
  {
    ""key"": ""input_swipe_amount"",
    ""value"": ""10910""
  },
  {
    ""key"": ""is_legible"",
    ""value"": ""true""
  },
  {
    ""key"": ""input_item_info"",
    ""value"": ""[{\""merchant_supplied_id\"": \""298743000009\"", \""display_name\"": \""Pork Baby Back Ribs (each)\"", \""scanned_barcode\"": {\""code\"": \""298743316278\"", \""format\"": \""UPCA\""}}, {\""merchant_supplied_id\"": \""041512114328\"", \""display_name\"": \""First Street Purified Drinking Water (1 gal)\"", \""scanned_barcode\"": {\""code\"": \""041512114328\"", \""format\"": \""UPCA\""}}, {\""merchant_supplied_id\"": \""033074900303\"", \""display_name\"": \""Bagged Milperos\"", \""scanned_barcode\"": null}, {\""merchant_supplied_id\"": \""037600330671\"", \""display_name\"": \""Hormel Gatherings Hard Salami & Pepperoni Party Tray (28 oz)\"", \""scanned_barcode\"": {\""code\"": \""037600330671\"", \""format\"": \""UPCA\""}}, {\""merchant_supplied_id\"": \""4801\"", \""display_name\"": \""Tomatillo (each)\"", \""scanned_barcode\"": null}, {\""merchant_supplied_id\"": \""044000882105\"", \""display_name\"": \""Ritz Peanut Butter Sandwich Crackers (8 pk x 6 ct)\"", \""scanned_barcode\"": {\""code\"": \""044000882105\"", \""format\"": \""UPCA\""}}, {\""merchant_supplied_id\"": \""4395\"", \""display_name\"": \""Mexican Papaya (each)\"", \""scanned_barcode\"": null}]""
  },
  {
    ""key"": ""url"",
    ""value"": ""\""https://img.cdn4dd.com/cdn-cgi/image/format=auto/https://doordash-static.s3.amazonaws.com/media/photosV2/5c7b838d-e53f-4714-985e-d38a0c67eef1-retina-large.jpeg\""""
  },
  {
    ""key"": ""sanity_checks"",
    ""value"": ""{\""swipe_match\"": true, \""subtotal_match\"": true, \""tax_match\"": true, \""items_length_match\"": true, \""ok_ocr_name_deduping\"": true, \""item_price_reasonableness\"": true, \""weights_look_ok\"": true, \""bag_fee_max_price\"": true, \""bottle_fee_max_price\"": true, \""bag_fee_max_count\"": true, \""bottle_fee_max_count\"": true, \""tax_vs_subtotal_sanity_check\"": true, \""has_no_unknown_items\"": true, \""has_no_missing_items\"": true, \""delivery_discounts_are_nonzero\"": true}""
  },
  {
    ""key"": ""bottle_fee_info"",
    ""value"": ""{\""quantity\"": {\""value\"": 4.0}, \""price_per_unit\"": {\""unit_amount\"": 10, \""currency\"": \""USD\"", \""display_string\"": \""None0.10\"", \""decimal_places\"": 2, \""sign\"": null, \""symbol\"": null}, \""item_price\"": {\""unit_amount\"": 40, \""currency\"": \""USD\"", \""display_string\"": \""None0.40\"", \""decimal_places\"": 2, \""sign\"": null, \""symbol\"": null}, \""confidence_score\"": 1.0}""
  },
  {
    ""key"": ""delivery_uuid"",
    ""value"": ""\""8779d37b-9f5a-3001-865b-33d6f4f7f3e7\""""
  },
  {
    ""key"": ""missing_item_info"",
    ""value"": ""[]""
  },
  {
    ""key"": ""tax_amount"",
    ""value"": ""{\""money\"": {\""unit_amount\"": 0, \""currency\"": \""USD\"", \""display_string\"": \""None0.00\"", \""decimal_places\"": 2, \""sign\"": null, \""symbol\"": null}, \""confidence_score\"": 1.0}""
  },
  {
    ""key"": ""confidence_score"",
    ""value"": ""1.0""
  },
  {
    ""key"": ""raw_blink_receipt"",
    ""value"": ""{\""banner_id\"": 73, \""channel\"": {\""confidence\"": 100, \""value\"": \""Food\""}, \""isDigital\"": false, \""isFraudulent\"": false, \""is_blurry\"": false, \""is_instacart_shopper\"": false, \""is_receipt\"": true, \""is_screen\"": false, \""item_confidence\"": 99, \""last4cc\"": {\""confidence\"": 99.91201782226562, \""value\"": \""5779\""}, \""merchant_confidence\"": 99, \""merchant_name\"": \""Smart & Final\"", \""ocr_confidence\"": 98.25096130371094, \""paymentMethods\"": [{\""amount\"": {\""confidence\"": 0, \""value\"": 109.1}, \""cardType\"": {\""confidence\"": 100, \""value\"": \""Mastercard\""}, \""method\"": {\""confidence\"": 99.97398376464844, \""value\"": \""Credit\""}}], \""phones\"": [{\""confidence\"": 99.97516632080078, \""value\"": \""559-275-3250\""}], \""products\"": [{\""infoLines\"": [{\""line\"": 1034, \""text\"": {\""confidence\"": 100, \""value\"": \""0.16 lb @ 1.49 USD/lb\""}, \""type\"": {\""confidence\"": 100, \""value\"": \""Weight\""}}], \""line\"": 1033, \""price\"": {\""confidence\"": 0, \""value\"": 1.49}, \""price_postfix\"": \""F\"", \""qty\"": {\""confidence\"": 0, \""value\"": 0.16}, \""rsd\"": {\""confidence\"": 100, \""original_case_value\"": \""Tomatillos\"", \""value\"": \""TOMATILLOS\""}, \""totalPrice\"": {\""confidence\"": 0, \""value\"": 0.24}, \""uom\"": {\""confidence\"": 0, \""value\"": \""lb\""}}, {\""line\"": 1035, \""price\"": {\""confidence\"": 99.97283172607422, \""value\"": 3.89}, \""price_postfix\"": \""F\"", \""qty\"": {\""confidence\"": 0, \""value\"": 1}, \""rsd\"": {\""confidence\"": 99.9727554321289, \""original_case_value\"": \""Bagged Milperos\"", \""value\"": \""BAGGED MILPEROS\""}, \""totalPrice\"": {\""confidence\"": 0, \""value\"": 3.89}}, {\""line\"": 1036, \""price\"": {\""confidence\"": 99.9720458984375, \""value\"": 3.89}, \""price_postfix\"": \""F\"", \""qty\"": {\""confidence\"": 0, \""value\"": 1}, \""rsd\"": {\""confidence\"": 99.98321533203125, \""original_case_value\"": \""Bagged Milperos\"", \""value\"": \""BAGGED MILPEROS\""}, \""totalPrice\"": {\""confidence\"": 0, \""value\"": 3.89}}, {\""line\"": 1037, \""price\"": {\""confidence\"": 99.94452667236328, \""value\"": 3.89}, \""price_postfix\"": \""F\"", \""qty\"": {\""confidence\"": 0, \""value\"": 1}, \""rsd\"": {\""confidence\"": 99.91930389404297, \""original_case_value\"": \""Bagged Milperos\"", \""value\"": \""BAGGED MILPEROS\""}, \""totalPrice\"": {\""confidence\"": 0, \""value\"": 3.89}}, {\""infoLines\"": [{\""line\"": 1039, \""text\"": {\""confidence\"": 100, \""value\"": \""4.84 lb @ 1.59 USD/lb\""}, \""type\"": {\""confidence\"": 100, \""value\"": \""Weight\""}}], \""line\"": 1038, \""price\"": {\""confidence\"": 0, \""value\"": 1.59}, \""price_postfix\"": \""F\"", \""qty\"": {\""confidence\"": 0, \""value\"": 4.84}, \""rsd\"": {\""confidence\"": 100, \""original_case_value\"": \""Maradol Papaya\"", \""value\"": \""MARADOL PAPAYA\""}, \""totalPrice\"": {\""confidence\"": 0, \""value\"": 7.7}, \""uom\"": {\""confidence\"": 0, \""value\"": \""lb\""}}, {\""infoLines\"": [{\""line\"": 1041, \""text\"": {\""confidence\"": 100, \""value\"": \""5.16 lb @ 1.59 USD/lb\""}, \""type\"": {\""confidence\"": 100, \""value\"": \""Weight\""}}], \""line\"": 1040, \""price\"": {\""confidence\"": 0, \""value\"": 1.59}, \""price_postfix\"": \""F\"", \""qty\"": {\""confidence\"": 0, \""value\"": 5.16}, \""rsd\"": {\""confidence\"": 100, \""original_case_value\"": \""Maradol Papaya\"", \""value\"": \""MARADOL PAPAYA\""}, \""totalPrice\"": {\""confidence\"": 0, \""value\"": 8.2}, \""uom\"": {\""confidence\"": 0, \""value\"": \""lb\""}}, {\""infoLines\"": [{\""line\"": 1045, \""text\"": {\""confidence\"": 100, \""value\"": \""Manual Weight\""}, \""type\"": {\""confidence\"": 100, \""value\"": \""\""}}, {\""line\"": 1046, \""text\"": {\""confidence\"": 100, \""value\"": \""3.70 lb @ 4.99 USD/lb\""}, \""type\"": {\""confidence\"": 100, \""value\"": \""Weight\""}}], \""line\"": 1044, \""price\"": {\""confidence\"": 0, \""value\"": 4.99}, \""price_postfix\"": \""F\"", \""qty\"": {\""confidence\"": 0, \""value\"": 3.7}, \""rsd\"": {\""confidence\"": 100, \""original_case_value\"": \""Pork Back Ribs Previous\"", \""value\"": \""PORK BACK RIBS PREVIOUS\""}, \""totalPrice\"": {\""confidence\"": 0, \""value\"": 18.46}, \""uom\"": {\""confidence\"": 0, \""value\"": \""lb\""}}, {\""infoLines\"": [{\""line\"": 1048, \""text\"": {\""confidence\"": 100, \""value\"": \""Manual Weight\""}, \""type\"": {\""confidence\"": 100, \""value\"": \""\""}}, {\""line\"": 1049, \""text\"": {\""confidence\"": 100, \""value\"": \""3.14 lb @ 4.99 USD/lb\""}, \""type\"": {\""confidence\"": 100, \""value\"": \""Weight\""}}], \""line\"": 1047, \""price\"": {\""confidence\"": 0, \""value\"": 4.99}, \""price_postfix\"": \""F\"", \""qty\"": {\""confidence\"": 0, \""value\"": 3.14}, \""rsd\"": {\""confidence\"": 100, \""original_case_value\"": \""Pork Back Ribs Previous\"", \""value\"": \""PORK BACK RIBS PREVIOUS\""}, \""totalPrice\"": {\""confidence\"": 0, \""value\"": 15.67}, \""uom\"": {\""confidence\"": 0, \""value\"": \""lb\""}}, {\""infoLines\"": [{\""line\"": 1051, \""text\"": {\""confidence\"": 100, \""value\"": \""Manual Weight\""}, \""type\"": {\""confidence\"": 100, \""value\"": \""\""}}, {\""line\"": 1052, \""text\"": {\""confidence\"": 100, \""value\"": \""3.26 lb @ 4.99 USD/lb\""}, \""type\"": {\""confidence\"": 100, \""value\"": \""Weight\""}}], \""line\"": 1050, \""price\"": {\""confidence\"": 0, \""value\"": 4.99}, \""price_postfix\"": \""F\"", \""qty\"": {\""confidence\"": 0, \""value\"": 3.26}, \""rsd\"": {\""confidence\"": 100, \""original_case_value\"": \""Pork Back Ribs Previous\"", \""value\"": \""PORK BACK RIBS PREVIOUS\""}, \""totalPrice\"": {\""confidence\"": 0, \""value\"": 16.27}, \""uom\"": {\""confidence\"": 0, \""value\"": \""lb\""}}, {\""line\"": 1055, \""price\"": {\""confidence\"": 99.98703002929688, \""value\"": 18.19}, \""price_postfix\"": \""F\"", \""qty\"": {\""confidence\"": 0, \""value\"": 1}, \""rsd\"": {\""confidence\"": 99.97395324707031, \""original_case_value\"": \""Hormel Meat & Cheese Tr\"", \""value\"": \""HORMEL MEAT & CHEESE TR\""}, \""totalPrice\"": {\""confidence\"": 0, \""value\"": 18.19}}, {\""fullPrice\"": {\""confidence\"": 0, \""value\"": 4.69}, \""infoLines\"": [{\""line\"": 1059, \""text\"": {\""confidence\"": 100, \""value\"": \""Regular Price $4.69\""}, \""type\"": {\""confidence\"": 100, \""value\"": \""Full Price\""}}], \""line\"": 1058, \""price\"": {\""confidence\"": 99.98649597167969, \""value\"": 3.5}, \""price_postfix\"": \""F\"", \""qty\"": {\""confidence\"": 0, \""value\"": 1}, \""rsd\"": {\""confidence\"": 99.98704528808594, \""original_case_value\"": \""Ritz Crackers With Pean\"", \""value\"": \""RITZ CRACKERS WITH PEAN\""}, \""totalPrice\"": {\""confidence\"": 0, \""value\"": 3.5}}, {\""fullPrice\"": {\""confidence\"": 0, \""value\"": 4.69}, \""infoLines\"": [{\""line\"": 1061, \""text\"": {\""confidence\"": 100, \""value\"": \""Regular Price $4.69\""}, \""type\"": {\""confidence\"": 100, \""value\"": \""Full Price\""}}], \""line\"": 1060, \""price\"": {\""confidence\"": 99.9498062133789, \""value\"": 3.5}, \""price_postfix\"": \""F\"", \""qty\"": {\""confidence\"": 0, \""value\"": 1}, \""rsd\"": {\""confidence\"": 99.97175598144531, \""original_case_value\"": \""Ritz Crackers With Pean\"", \""value\"": \""RITZ CRACKERS WITH PEAN\""}, \""totalPrice\"": {\""confidence\"": 0, \""value\"": 3.5}}, {\""line\"": 1064, \""price\"": {\""confidence\"": 99.9808578491211, \""value\"": 1.25}, \""price_postfix\"": \""F\"", \""qty\"": {\""confidence\"": 0, \""value\"": 1}, \""rsd\"": {\""confidence\"": 99.98204040527344, \""original_case_value\"": \""First Street Water\"", \""value\"": \""FIRST STREET WATER\""}, \""totalPrice\"": {\""confidence\"": 0, \""value\"": 1.25}}, {\""line\"": 1065, \""price\"": {\""confidence\"": 99.98438262939453, \""value\"": 0.1}, \""price_postfix\"": \""* F\"", \""qty\"": {\""confidence\"": 0, \""value\"": 1}, \""rsd\"": {\""confidence\"": 99.96244812011719, \""original_case_value\"": \""CRV FOODSTAMP NONTAXAB\"", \""value\"": \""CRV FOODSTAMP NONTAXAB\""}, \""totalPrice\"": {\""confidence\"": 0, \""value\"": 0.1}}, {\""line\"": 1066, \""price\"": {\""confidence\"": 99.9772720336914, \""value\"": 1.25}, \""price_postfix\"": \""F\"", \""qty\"": {\""confidence\"": 0, \""value\"": 1}, \""rsd\"": {\""confidence\"": 99.98199462890625, \""original_case_value\"": \""First Street Water\"", \""value\"": \""FIRST STREET WATER\""}, \""totalPrice\"": {\""confidence\"": 0, \""value\"": 1.25}}, {\""line\"": 1067, \""price\"": {\""confidence\"": 99.9842300415039, \""value\"": 0.1}, \""price_postfix\"": \""* F\"", \""qty\"": {\""confidence\"": 0, \""value\"": 1}, \""rsd\"": {\""confidence\"": 99.95336151123047, \""original_case_value\"": \""CRV FOODSTAMP NONTAXAB\"", \""value\"": \""CRV FOODSTAMP NONTAXAB\""}, \""totalPrice\"": {\""confidence\"": 0, \""value\"": 0.1}}, {\""line\"": 1068, \""price\"": {\""confidence\"": 99.96105194091797, \""value\"": 1.25}, \""price_postfix\"": \""F\"", \""qty\"": {\""confidence\"": 0, \""value\"": 1}, \""rsd\"": {\""confidence\"": 99.98574829101562, \""original_case_value\"": \""First Street Water\"", \""value\"": \""FIRST STREET WATER\""}, \""totalPrice\"": {\""confidence\"": 0, \""value\"": 1.25}}, {\""line\"": 1069, \""price\"": {\""confidence\"": 99.9065170288086, \""value\"": 0.1}, \""price_postfix\"": \""* F\"", \""qty\"": {\""confidence\"": 0, \""value\"": 1}, \""rsd\"": {\""confidence\"": 99.9700698852539, \""original_case_value\"": \""CRV FOODSTAMP NONTAXAB\"", \""value\"": \""CRV FOODSTAMP NONTAXAB\""}, \""totalPrice\"": {\""confidence\"": 0, \""value\"": 0.1}}, {\""line\"": 1070, \""price\"": {\""confidence\"": 99.9716796875, \""value\"": 1.25}, \""price_postfix\"": \""F\"", \""qty\"": {\""confidence\"": 0, \""value\"": 1}, \""rsd\"": {\""confidence\"": 99.98355865478516, \""original_case_value\"": \""First Street Water\"", \""value\"": \""FIRST STREET WATER\""}, \""totalPrice\"": {\""confidence\"": 0, \""value\"": 1.25}}, {\""line\"": 1071, \""price\"": {\""confidence\"": 99.97930908203125, \""value\"": 0.1}, \""price_postfix\"": \""* F\"", \""qty\"": {\""confidence\"": 0, \""value\"": 1}, \""rsd\"": {\""confidence\"": 99.94766998291016, \""original_case_value\"": \""CRV FOODSTAMP NONTAXAB\"", \""value\"": \""CRV FOODSTAMP NONTAXAB\""}, \""totalPrice\"": {\""confidence\"": 0, \""value\"": 0.1}}, {\""line\"": 1074, \""price\"": {\""confidence\"": 99.98164367675781, \""value\"": 0}, \""qty\"": {\""confidence\"": 0, \""value\"": 1}, \""rsd\"": {\""confidence\"": 99.984619140625, \""original_case_value\"": \""Basket Verify\"", \""value\"": \""BASKET VERIFY\""}, \""totalPrice\"": {\""confidence\"": 0, \""value\"": 0}}, {\""infoLines\"": [{\""line\"": 1076, \""text\"": {\""confidence\"": 100, \""value\"": \""3 @ 0.10\""}, \""type\"": {\""confidence\"": 100, \""value\"": \""Quantity\""}}], \""line\"": 1075, \""price\"": {\""confidence\"": 99.9622802734375, \""value\"": 0.1}, \""qty\"": {\""confidence\"": 0, \""value\"": 3}, \""rsd\"": {\""confidence\"": 99.9622802734375, \""original_case_value\"": \""SFI Bag 4 Checkstand Re\"", \""value\"": \""SFI BAG 4 CHECKSTAND RE\""}, \""totalPrice\"": {\""confidence\"": 0, \""value\"": 0.3}}], \""purchase_type\"": \""In-Store\"", \""raw_basket\"": \""Tomatillos 0.24 F\\n0.16 lb @ 1.49 USD/lb\\nBagged Milperos 3.89 F\\nBagged Milperos 3.89 F\\nBagged Milperos 3.89 F\\nMaradol Papaya 7.70 F\\n4.84 lb @ 1.59 USD/lb\\nMaradol Papaya 8.20 F\\n5.16 lb @ 1.59 USD/lb\\nFresh/Frozen Meat\\nPork Back Ribs Previous 18.46 F\\nManual Weight\\n3.70 lb @ 4.99 USD/lb\\nPork Back Ribs Previous 15.67 F\\nManual Weight\\n3.14 lb @ 4.99 USD/lb\\nPork Back Ribs Previous 16.27 F\\nManual Weight\\n3.26 lb @ 4.99 USD/lb\\nDairy/Deli/Cheese\\nHormel Meat & Cheese Tr 18.19 F\\nGrocery\\nRitz Crackers With Pean 3.50 F\\nRegular Price $4.69\\nRitz Crackers With Pean 3.50 F\\nRegular Price $4.69\\nBeverage\\nFirst Street Water 1.25 F\\nCRV FOODSTAMP NONTAXAB 0.10* F\\nFirst Street Water 1.25 F\\nCRV FOODSTAMP NONTAXAB 0.10* F\\nFirst Street Water 1.25 F\\nCRV FOODSTAMP NONTAXAB 0.10* F\\nFirst Street Water 1.25 F\\nCRV FOODSTAMP NONTAXAB 0.10* F\\nGeneral\\nBasket Verify 0.00\\nSFI Bag 4 Checkstand Re 0.30\\n3 @ 0.10\\n\"", \""raw_text_array\"": [\""s fuera da\\nA\\nIne\\n\\n\\n\\n\\n\\n\\n\\n\\n\\n\\n\\n\\n\\n\\n\\n\\n\\n\\n\\n\\n\\nSmart&Final.\\nWarehouse&Market Fnend & Nelghbo.\\n\\nStore 449\\n3330 WEST SHAW AVENUE\\nFRESNO, CA 93711\\nTelephone (559) 275-3250\\n\\nProduce/Bulk/Floral\\nTomatillos 0.24 F\\n0.16 lb @ 1.49 USD/lb\\nBagged Milperos 3.89 F\\nBagged Milperos 3.89 F\\nBagged Milperos 3.89 F\\nMaradol Papaya 7.70 F\\n4.84 lb @ 1.59 USD/lb\\nMaradol Papaya 8.20 F\\n5.16 lb @ 1.59 USD/lb\\n\\nFresh/Frozen Meat\\nPork Back Ribs Previous 18.46 F\\nManual Weight\\n3.70 lb @ 4.99 USD/lb\\nPork Back Ribs Previous 15.67 F\\nManual Weight\\n3.14 lb @ 4.99 USD/lb\\nPork Back Ribs Previous 16.27 F\\nManual Weight\\n3.26 lb @ 4.99 USD/lb\\n\\nDairy/Deli/Cheese\\nHormel Meat & Cheese Tr 18.19 F\\n\\nGrocery\\nRitz Crackers With Pean 3.50 F\\nRegular Price $4.69\\nRitz Crackers With Pean 3.50 F\\nRegular Price $4.69\\n\\nBeverage\\nFirst Street Water 1.25 F\\nCRV FOODSTAMP NONTAXAB 0.10* F\\nFirst Street Water 1.25 F\\nCRV FOODSTAMP NONTAXAB 0.10* F\\nFirst Street Water 1.25 F\\nCRV FOODSTAMP NONTAXAB 0.10* F\\nFirst Street Water 1.25 F\\nCRV FOODSTAMP NONTAXAB 0.10* F\\n\\nGeneral\\nBasket Verify 0.00\\nSFI Bag 4 Checkstand Re 0.30\\n3 @ 0.10\\n-----------\\nSUBTOTAL 109.10\\n\\nTotal # Items Sold 20\\n\\n109.10 @ 0.000% = 0.00\\n-----------\\nTOTAL 109.10\\nMastercard 109.10\\n--------------------------------------\\nPURCHASE $109.10\\n************5779 MC\\nCHIP CONTACTLESS\\nREF#: 349819 APPROVED\\nMASTERCARD\\nARQC - 31FB03945504C8DD\\nOFFLINE PIN VERIFIED.\\nMode: Issuer\\nIAD:\\n0114A14003020000000700000000000000FF\\n--------------------------------------\\nSmart Advantage Card Holder: 47002250056\\nDoorDash G&C, LLC\\n--------------------\\nTotal Saved $2.38\\nItem Savings 2.38\\n--------------------\\n--------------------\\nLegend\\nF - food stamp eligible\\n* - non-discountable\\n--------------------\\n00104490909240030001 * *******\\nIU I I 11 1 1 1 111\\nY w e e - -\\n\""], \""raw_trip_footer\"": \""-----------\\nSUBTOTAL 109.10\\nTotal # Items Sold 20\\n109.10 @ 0.000% = 0.00\\n-----------\\nTOTAL 109.10\\nMastercard 109.10\\n--------------------------------------\\nPURCHASE $109.10\\n************5779 MC\\nCHIP CONTACTLESS\\nREF#: 349819 APPROVED\\nMASTERCARD\\nARQC - 31FB03945504C8DD\\nOFFLINE PIN VERIFIED.\\nMode: Issuer\\nIAD:\\n0114A14003020000000700000000000000FF\\n--------------------------------------\\nSmart Advantage Card Holder: 47002250056\\nDoorDash G&C, LLC\\n--------------------\\nTotal Saved $2.38\\nItem Savings 2.38\\n--------------------\\n--------------------\\nLegend\\nF - food stamp eligible\\n* - non-discountable\\n--------------------\\n00104490909240030001 * *******\\nIU I I 11 1 1 1 111\\nY w e e - -\\n\"", \""raw_trip_header\"": \""s fuera da\\nA\\nIne\\nSmart&Final.\\nWarehouse&Market Fnend & Nelghbo.\\nStore 449\\n3330 WEST SHAW AVENUE\\nFRESNO, CA 93711\\nTelephone (559) 275-3250\\nProduce/Bulk/Floral\\n\"", \""store\"": {\""confidence\"": 99.9782485961914, \""value\"": \""449\""}, \""store_city\"": {\""confidence\"": 100, \""value\"": \""Fresno\""}, \""store_state\"": {\""confidence\"": 100, \""value\"": \""CA\""}, \""store_street\"": {\""confidence\"": 100, \""value\"": \""3330 West Shaw Avenue\""}, \""store_zip\"": {\""confidence\"": 100, \""value\"": \""93711\""}, \""subtotal\"": {\""confidence\"": 99.98690032958984, \""value\"": 109.1}, \""total\"": {\""confidence\"": 100, \""value\"": 109.1}, \""trip_confidence\"": 0, \""blink_receipt_id\"": \""4109533a-ab89-4568-a05f-3c12a8e1c46f\"", \""cashback\"": 0, \""image_urls\"": [\""https://img.cdn4dd.com/cdn-cgi/image/format=auto/https://doordash-static.s3.amazonaws.com/media/photosV2/5c7b838d-e53f-4714-985e-d38a0c67eef1-retina-large.jpeg\""], \""country_code\"": \""US\"", \""api_version\"": 14}""
  }
]"
"[
  {
    ""key"": ""unmatched_item_info"",
    ""value"": ""[]""
  },
  {
    ""key"": ""embedding_matching_df"",
    ""value"": ""{\""YELLOW BANANAS\"": {\""Maple Hill Organic Whole Milk Kefir Strawberry (32 oz)\"": 0.1959861916859538, \""Good Karma Unsweetened Flax Milk with Protein (64 oz)\"": 0.15808513853210873, \""Sprouts Organic Spirulina Powder PLU #1142 (each)\"": 0.1874837856915756, \""GT's Raw Kombucha Guava Goddess (48 oz)\"": 0.2053056011880504, \""Sprouts 100% Pure Baking Soda (16 oz)\"": 0.16165216667012933, \""Previously Frozen Peel Raw Shrimp 16-20 ct (by pound)\"": 0.21818613554183255, \""Organic Bananas (bunch)\"": 0.5324911717809067, \""Bag Fee\"": 0.24865349312019544, \""Bottle Deposit aka CRV\"": 0.15830831394885223, \""Unknown Item\"": 0.12530403568853266}, \""BAKING SODA\"": {\""Maple Hill Organic Whole Milk Kefir Strawberry (32 oz)\"": 0.20023106231672536, \""Good Karma Unsweetened Flax Milk with Protein (64 oz)\"": 0.21627446708875692, \""Sprouts Organic Spirulina Powder PLU #1142 (each)\"": 0.2367875899591411, \""GT's Raw Kombucha Guava Goddess (48 oz)\"": 0.226807042524112, \""Sprouts 100% Pure Baking Soda (16 oz)\"": 0.5775329088844976, \""Previously Frozen Peel Raw Shrimp 16-20 ct (by pound)\"": 0.16290516606278682, \""Organic Bananas (bunch)\"": 0.24527742266059163, \""Bag Fee\"": 0.2545498615697901, \""Bottle Deposit aka CRV\"": 0.24107315737480242, \""Unknown Item\"": 0.19651723876613794}, \""KOMBUCHA-ORG-GUAVA G\"": {\""Maple Hill Organic Whole Milk Kefir Strawberry (32 oz)\"": 0.43150176381525895, \""Good Karma Unsweetened Flax Milk with Protein (64 oz)\"": 0.3534526215969765, \""Sprouts Organic Spirulina Powder PLU #1142 (each)\"": 0.3682568348294587, \""GT's Raw Kombucha Guava Goddess (48 oz)\"": 0.6499120029122968, \""Sprouts 100% Pure Baking Soda (16 oz)\"": 0.2607788339478899, \""Previously Frozen Peel Raw Shrimp 16-20 ct (by pound)\"": 0.2251636882309502, \""Organic Bananas (bunch)\"": 0.3503937183899048, \""Bag Fee\"": 0.0, \""Bottle Deposit aka CRV\"": 0.0, \""Unknown Item\"": 0.24188364187155412}, \""CRV FS 10\"": {\""Maple Hill Organic Whole Milk Kefir Strawberry (32 oz)\"": 0.17584373170866358, \""Good Karma Unsweetened Flax Milk with Protein (64 oz)\"": 0.20943147605630447, \""Sprouts Organic Spirulina Powder PLU #1142 (each)\"": 0.19864421086338646, \""GT's Raw Kombucha Guava Goddess (48 oz)\"": 0.18642010676573306, \""Sprouts 100% Pure Baking Soda (16 oz)\"": 0.14178843543429887, \""Previously Frozen Peel Raw Shrimp 16-20 ct (by pound)\"": 0.13618521332692532, \""Organic Bananas (bunch)\"": 0.18362965507588008, \""Bag Fee\"": 0.2550710270889567, \""Bottle Deposit aka CRV\"": 0.43139579716999127, \""Unknown Item\"": 0.16308051922554204}, \""STRWBRY GRS FD KEFIR\"": {\""Maple Hill Organic Whole Milk Kefir Strawberry (32 oz)\"": 0.6402409725507192, \""Good Karma Unsweetened Flax Milk with Protein (64 oz)\"": 0.43322466609172255, \""Sprouts Organic Spirulina Powder PLU #1142 (each)\"": 0.3951440325178391, \""GT's Raw Kombucha Guava Goddess (48 oz)\"": 0.4389069953944541, \""Sprouts 100% Pure Baking Soda (16 oz)\"": 0.2905133549943959, \""Previously Frozen Peel Raw Shrimp 16-20 ct (by pound)\"": 0.22622373811371474, \""Organic Bananas (bunch)\"": 0.28724239052021683, \""Bag Fee\"": 0.0, \""Bottle Deposit aka CRV\"": 0.0, \""Unknown Item\"": 0.1822536797697153}, \""UNSWEETEND FLAX MILK\"": {\""Maple Hill Organic Whole Milk Kefir Strawberry (32 oz)\"": 0.4888706958763981, \""Good Karma Unsweetened Flax Milk with Protein (64 oz)\"": 0.6864854034586121, \""Sprouts Organic Spirulina Powder PLU #1142 (each)\"": 0.35125086373612635, \""GT's Raw Kombucha Guava Goddess (48 oz)\"": 0.32708709617618875, \""Sprouts 100% Pure Baking Soda (16 oz)\"": 0.2531694457875208, \""Previously Frozen Peel Raw Shrimp 16-20 ct (by pound)\"": 0.2149942543441338, \""Organic Bananas (bunch)\"": 0.27586198042253846, \""Bag Fee\"": 0.0, \""Bottle Deposit aka CRV\"": 0.0, \""Unknown Item\"": 0.18696939935870405}, \""ORG SPIRULINA POWDER\"": {\""Maple Hill Organic Whole Milk Kefir Strawberry (32 oz)\"": 0.31902773126009565, \""Good Karma Unsweetened Flax Milk with Protein (64 oz)\"": 0.3446476709375813, \""Sprouts Organic Spirulina Powder PLU #1142 (each)\"": 0.6333176914263333, \""GT's Raw Kombucha Guava Goddess (48 oz)\"": 0.33228192302955856, \""Sprouts 100% Pure Baking Soda (16 oz)\"": 0.35672028192715044, \""Previously Frozen Peel Raw Shrimp 16-20 ct (by pound)\"": 0.2510696505508511, \""Organic Bananas (bunch)\"": 0.3001943956829582, \""Bag Fee\"": 0.0, \""Bottle Deposit aka CRV\"": 0.0, \""Unknown Item\"": 0.16876371985213648}, \""RAW SHRIMP\"": {\""Maple Hill Organic Whole Milk Kefir Strawberry (32 oz)\"": 0.23033219712874803, \""Good Karma Unsweetened Flax Milk with Protein (64 oz)\"": 0.1969889009807399, \""Sprouts Organic Spirulina Powder PLU #1142 (each)\"": 0.31361294050891886, \""GT's Raw Kombucha Guava Goddess (48 oz)\"": 0.24637757866953355, \""Sprouts 100% Pure Baking Soda (16 oz)\"": 0.23443875006034384, \""Previously Frozen Peel Raw Shrimp 16-20 ct (by pound)\"": 0.5394994784426507, \""Organic Bananas (bunch)\"": 0.27601834544698706, \""Bag Fee\"": 0.0, \""Bottle Deposit aka CRV\"": 0.0, \""Unknown Item\"": 0.22050872286107245}, \""WHITE REUSEABLE BAG\"": {\""Maple Hill Organic Whole Milk Kefir Strawberry (32 oz)\"": 0.23618406895644742, \""Good Karma Unsweetened Flax Milk with Protein (64 oz)\"": 0.24593455476892342, \""Sprouts Organic Spirulina Powder PLU #1142 (each)\"": 0.2588613757627673, \""GT's Raw Kombucha Guava Goddess (48 oz)\"": 0.21785993265103545, \""Sprouts 100% Pure Baking Soda (16 oz)\"": 0.25051532163675533, \""Previously Frozen Peel Raw Shrimp 16-20 ct (by pound)\"": 0.21531605668534984, \""Organic Bananas (bunch)\"": 0.31565165531988537, \""Bag Fee\"": 0.5241359221039616, \""Bottle Deposit aka CRV\"": 0.2984626210177305, \""Unknown Item\"": 0.17471073058730366}, \""Unknown Item\"": {\""Maple Hill Organic Whole Milk Kefir Strawberry (32 oz)\"": 0.1621592945139573, \""Good Karma Unsweetened Flax Milk with Protein (64 oz)\"": 0.19728700560953935, \""Sprouts Organic Spirulina Powder PLU #1142 (each)\"": 0.23594359368851037, \""GT's Raw Kombucha Guava Goddess (48 oz)\"": 0.19206383764880597, \""Sprouts 100% Pure Baking Soda (16 oz)\"": 0.15402809656184066, \""Previously Frozen Peel Raw Shrimp 16-20 ct (by pound)\"": 0.20540466571099644, \""Organic Bananas (bunch)\"": 0.23254213302879556, \""Bag Fee\"": 0.300414460999277, \""Bottle Deposit aka CRV\"": 0.21774943832703783, \""Unknown Item\"": 0.9990009990914867}}""
  },
  {
    ""key"": ""total_amount"",
    ""value"": ""{\""money\"": {\""unit_amount\"": 11409, \""currency\"": \""USD\"", \""display_string\"": \""None114.09\"", \""decimal_places\"": 2, \""sign\"": null, \""symbol\"": null}, \""confidence_score\"": 1.0}""
  },
  {
    ""key"": ""discount_amount"",
    ""value"": ""{\""money\"": {\""unit_amount\"": 0, \""currency\"": \""USD\"", \""display_string\"": \""None0.00\"", \""decimal_places\"": 2, \""sign\"": null, \""symbol\"": null}, \""confidence_score\"": 1.0}""
  },
  {
    ""key"": ""business_id"",
    ""value"": ""8176""
  },
  {
    ""key"": ""subtotal_amount"",
    ""value"": ""{\""money\"": {\""unit_amount\"": 11409, \""currency\"": \""USD\"", \""display_string\"": \""None114.09\"", \""decimal_places\"": 2, \""sign\"": null, \""symbol\"": null}, \""confidence_score\"": 1.0}""
  },
  {
    ""key"": ""tax_confidence_score"",
    ""value"": ""1.0""
  },
  {
    ""key"": ""matched_item_info"",
    ""value"": ""[{\""merchant_supplied_id\"": \""58445\"", \""display_name\"": \""Organic Bananas (bunch)\"", \""ocr_description\"": \""YELLOW BANANAS\"", \""quantity\"": {\""value\"": 13.59}, \""price_per_unit\"": {\""unit_amount\"": 69, \""currency\"": \""USD\"", \""display_string\"": \""None0.69\"", \""decimal_places\"": 2, \""sign\"": null, \""symbol\"": null}, \""item_price\"": {\""unit_amount\"": 938, \""currency\"": \""USD\"", \""display_string\"": \""None9.38\"", \""decimal_places\"": 2, \""sign\"": null, \""symbol\"": null}, \""non_discount_price_per_unit\"": {\""unit_amount\"": 0, \""currency\"": \""USD\"", \""display_string\"": \""None0.00\"", \""decimal_places\"": 2, \""sign\"": null, \""symbol\"": null}, \""non_discount_item_price\"": {\""unit_amount\"": 0, \""currency\"": \""USD\"", \""display_string\"": \""None0.00\"", \""decimal_places\"": 2, \""sign\"": null, \""symbol\"": null}, \""sold_by_weight\"": true, \""confidence_score\"": 1.0}, {\""merchant_supplied_id\"": \""5280274\"", \""display_name\"": \""Sprouts 100% Pure Baking Soda (16 oz)\"", \""ocr_description\"": \""BAKING SODA\"", \""quantity\"": {\""value\"": 8.0}, \""price_per_unit\"": {\""unit_amount\"": 129, \""currency\"": \""USD\"", \""display_string\"": \""None1.29\"", \""decimal_places\"": 2, \""sign\"": null, \""symbol\"": null}, \""item_price\"": {\""unit_amount\"": 1032, \""currency\"": \""USD\"", \""display_string\"": \""None10.32\"", \""decimal_places\"": 2, \""sign\"": null, \""symbol\"": null}, \""non_discount_price_per_unit\"": {\""unit_amount\"": 0, \""currency\"": \""USD\"", \""display_string\"": \""None0.00\"", \""decimal_places\"": 2, \""sign\"": null, \""symbol\"": null}, \""non_discount_item_price\"": {\""unit_amount\"": 0, \""currency\"": \""USD\"", \""display_string\"": \""None0.00\"", \""decimal_places\"": 2, \""sign\"": null, \""symbol\"": null}, \""sold_by_weight\"": false, \""confidence_score\"": 1.0}, {\""merchant_supplied_id\"": \""5377956\"", \""display_name\"": \""GT's Raw Kombucha Guava Goddess (48 oz)\"", \""ocr_description\"": \""KOMBUCHA-ORG-GUAVA G\"", \""quantity\"": {\""value\"": 1.0}, \""price_per_unit\"": {\""unit_amount\"": 899, \""currency\"": \""USD\"", \""display_string\"": \""None8.99\"", \""decimal_places\"": 2, \""sign\"": null, \""symbol\"": null}, \""item_price\"": {\""unit_amount\"": 899, \""currency\"": \""USD\"", \""display_string\"": \""None8.99\"", \""decimal_places\"": 2, \""sign\"": null, \""symbol\"": null}, \""non_discount_price_per_unit\"": {\""unit_amount\"": 0, \""currency\"": \""USD\"", \""display_string\"": \""None0.00\"", \""decimal_places\"": 2, \""sign\"": null, \""symbol\"": null}, \""non_discount_item_price\"": {\""unit_amount\"": 0, \""currency\"": \""USD\"", \""display_string\"": \""None0.00\"", \""decimal_places\"": 2, \""sign\"": null, \""symbol\"": null}, \""sold_by_weight\"": false, \""confidence_score\"": 1.0}, {\""merchant_supplied_id\"": \""5289857\"", \""display_name\"": \""Maple Hill Organic Whole Milk Kefir Strawberry (32 oz)\"", \""ocr_description\"": \""STRWBRY GRS FD KEFIR\"", \""quantity\"": {\""value\"": 3.0}, \""price_per_unit\"": {\""unit_amount\"": 699, \""currency\"": \""USD\"", \""display_string\"": \""None6.99\"", \""decimal_places\"": 2, \""sign\"": null, \""symbol\"": null}, \""item_price\"": {\""unit_amount\"": 2097, \""currency\"": \""USD\"", \""display_string\"": \""None20.97\"", \""decimal_places\"": 2, \""sign\"": null, \""symbol\"": null}, \""non_discount_price_per_unit\"": {\""unit_amount\"": 0, \""currency\"": \""USD\"", \""display_string\"": \""None0.00\"", \""decimal_places\"": 2, \""sign\"": null, \""symbol\"": null}, \""non_discount_item_price\"": {\""unit_amount\"": 0, \""currency\"": \""USD\"", \""display_string\"": \""None0.00\"", \""decimal_places\"": 2, \""sign\"": null, \""symbol\"": null}, \""sold_by_weight\"": false, \""confidence_score\"": 1.0}, {\""merchant_supplied_id\"": \""5218536\"", \""display_name\"": \""Good Karma Unsweetened Flax Milk with Protein (64 oz)\"", \""ocr_description\"": \""UNSWEETEND FLAX MILK\"", \""quantity\"": {\""value\"": 6.0}, \""price_per_unit\"": {\""unit_amount\"": 579, \""currency\"": \""USD\"", \""display_string\"": \""None5.79\"", \""decimal_places\"": 2, \""sign\"": null, \""symbol\"": null}, \""item_price\"": {\""unit_amount\"": 3474, \""currency\"": \""USD\"", \""display_string\"": \""None34.74\"", \""decimal_places\"": 2, \""sign\"": null, \""symbol\"": null}, \""non_discount_price_per_unit\"": {\""unit_amount\"": 0, \""currency\"": \""USD\"", \""display_string\"": \""None0.00\"", \""decimal_places\"": 2, \""sign\"": null, \""symbol\"": null}, \""non_discount_item_price\"": {\""unit_amount\"": 0, \""currency\"": \""USD\"", \""display_string\"": \""None0.00\"", \""decimal_places\"": 2, \""sign\"": null, \""symbol\"": null}, \""sold_by_weight\"": false, \""confidence_score\"": 1.0}, {\""merchant_supplied_id\"": \""5177772\"", \""display_name\"": \""Sprouts Organic Spirulina Powder PLU #1142 (each)\"", \""ocr_description\"": \""ORG SPIRULINA POWDER\"", \""quantity\"": {\""value\"": 0.43000000000000005}, \""price_per_unit\"": {\""unit_amount\"": 5849, \""currency\"": \""USD\"", \""display_string\"": \""None58.49\"", \""decimal_places\"": 2, \""sign\"": null, \""symbol\"": null}, \""item_price\"": {\""unit_amount\"": 2515, \""currency\"": \""USD\"", \""display_string\"": \""None25.15\"", \""decimal_places\"": 2, \""sign\"": null, \""symbol\"": null}, \""non_discount_price_per_unit\"": {\""unit_amount\"": 0, \""currency\"": \""USD\"", \""display_string\"": \""None0.00\"", \""decimal_places\"": 2, \""sign\"": null, \""symbol\"": null}, \""non_discount_item_price\"": {\""unit_amount\"": 0, \""currency\"": \""USD\"", \""display_string\"": \""None0.00\"", \""decimal_places\"": 2, \""sign\"": null, \""symbol\"": null}, \""sold_by_weight\"": true, \""confidence_score\"": 1.0}, {\""merchant_supplied_id\"": \""5244897\"", \""display_name\"": \""Previously Frozen Peel Raw Shrimp 16-20 ct (by pound)\"", \""ocr_description\"": \""RAW SHRIMP\"", \""quantity\"": {\""value\"": 1.0}, \""price_per_unit\"": {\""unit_amount\"": 374, \""currency\"": \""USD\"", \""display_string\"": \""None3.74\"", \""decimal_places\"": 2, \""sign\"": null, \""symbol\"": null}, \""item_price\"": {\""unit_amount\"": 374, \""currency\"": \""USD\"", \""display_string\"": \""None3.74\"", \""decimal_places\"": 2, \""sign\"": null, \""symbol\"": null}, \""non_discount_price_per_unit\"": {\""unit_amount\"": 0, \""currency\"": \""USD\"", \""display_string\"": \""None0.00\"", \""decimal_places\"": 2, \""sign\"": null, \""symbol\"": null}, \""non_discount_item_price\"": {\""unit_amount\"": 0, \""currency\"": \""USD\"", \""display_string\"": \""None0.00\"", \""decimal_places\"": 2, \""sign\"": null, \""symbol\"": null}, \""sold_by_weight\"": false, \""confidence_score\"": 1.0}]""
  },
  {
    ""key"": ""bag_fee_info"",
    ""value"": ""{\""quantity\"": {\""value\"": 7.0}, \""price_per_unit\"": {\""unit_amount\"": 10, \""currency\"": \""USD\"", \""display_string\"": \""None0.10\"", \""decimal_places\"": 2, \""sign\"": null, \""symbol\"": null}, \""item_price\"": {\""unit_amount\"": 70, \""currency\"": \""USD\"", \""display_string\"": \""None0.70\"", \""decimal_places\"": 2, \""sign\"": null, \""symbol\"": null}, \""confidence_score\"": 1.0}""
  },
  {
    ""key"": ""blink_items_df"",
    ""value"": ""{\""ocr_description\"": {\""0\"": \""YELLOW BANANAS\"", \""1\"": \""BAKING SODA\"", \""2\"": \""KOMBUCHA-ORG-GUAVA G\"", \""3\"": \""CRV FS 10\"", \""4\"": \""STRWBRY GRS FD KEFIR\"", \""5\"": \""UNSWEETEND FLAX MILK\"", \""6\"": \""ORG SPIRULINA POWDER\"", \""7\"": \""RAW SHRIMP\"", \""8\"": \""WHITE REUSEABLE BAG\"", \""9\"": \""discount_cents\"", \""10\"": \""subtotal_cents\"", \""11\"": \""total_tax_cents\"", \""12\"": \""total_cents\""}, \""quantity\"": {\""0\"": 13.59, \""1\"": 8.0, \""2\"": 1.0, \""3\"": 1.0, \""4\"": 3.0, \""5\"": 6.0, \""6\"": 0.43000000000000005, \""7\"": 1.0, \""8\"": 7.0, \""9\"": NaN, \""10\"": NaN, \""11\"": NaN, \""12\"": NaN}, \""price_per_unit_cents\"": {\""0\"": 69.0, \""1\"": 129.0, \""2\"": 899.0, \""3\"": 10.0, \""4\"": 699.0, \""5\"": 579.0, \""6\"": 5849.0, \""7\"": 374.0, \""8\"": 10.0, \""9\"": NaN, \""10\"": NaN, \""11\"": NaN, \""12\"": NaN}, \""item_price_cents\"": {\""0\"": 938, \""1\"": 1032, \""2\"": 899, \""3\"": 10, \""4\"": 2097, \""5\"": 3474, \""6\"": 2515, \""7\"": 374, \""8\"": 70, \""9\"": 0, \""10\"": 11409, \""11\"": 0, \""12\"": 11409}}""
  },
  {
    ""key"": ""input_swipe_amount"",
    ""value"": ""11409""
  },
  {
    ""key"": ""is_legible"",
    ""value"": ""true""
  },
  {
    ""key"": ""input_item_info"",
    ""value"": ""[{\""merchant_supplied_id\"": \""5289857\"", \""display_name\"": \""Maple Hill Organic Whole Milk Kefir Strawberry (32 oz)\"", \""scanned_barcode\"": {\""code\"": \""855088005351\"", \""format\"": \""UPCA\""}}, {\""merchant_supplied_id\"": \""5218536\"", \""display_name\"": \""Good Karma Unsweetened Flax Milk with Protein (64 oz)\"", \""scanned_barcode\"": {\""code\"": \""829462001208\"", \""format\"": \""UPCA\""}}, {\""merchant_supplied_id\"": \""5177772\"", \""display_name\"": \""Sprouts Organic Spirulina Powder PLU #1142 (each)\"", \""scanned_barcode\"": null}, {\""merchant_supplied_id\"": \""5377956\"", \""display_name\"": \""GT's Raw Kombucha Guava Goddess (48 oz)\"", \""scanned_barcode\"": {\""code\"": \""722430900483\"", \""format\"": \""UPCA\""}}, {\""merchant_supplied_id\"": \""5280274\"", \""display_name\"": \""Sprouts 100% Pure Baking Soda (16 oz)\"", \""scanned_barcode\"": {\""code\"": \""646670310683\"", \""format\"": \""UPCA\""}}, {\""merchant_supplied_id\"": \""5244897\"", \""display_name\"": \""Previously Frozen Peel Raw Shrimp 16-20 ct (by pound)\"", \""scanned_barcode\"": {\""code\"": \""209310503748\"", \""format\"": \""UPCA\""}}, {\""merchant_supplied_id\"": \""58445\"", \""display_name\"": \""Organic Bananas (bunch)\"", \""scanned_barcode\"": null}, {\""merchant_supplied_id\"": \""5218536\"", \""display_name\"": \""Good Karma Unsweetened Flax Milk with Protein (64 oz)\"", \""scanned_barcode\"": null}]""
  },
  {
    ""key"": ""url"",
    ""value"": ""\""https://img.cdn4dd.com/cdn-cgi/image/format=auto/https://doordash-static.s3.amazonaws.com/media/photosV2/b80546a4-fa18-459e-8515-b0b38b479e3f-retina-large.jpeg\""""
  },
  {
    ""key"": ""sanity_checks"",
    ""value"": ""{\""swipe_match\"": true, \""subtotal_match\"": true, \""tax_match\"": true, \""items_length_match\"": true, \""ok_ocr_name_deduping\"": true, \""item_price_reasonableness\"": true, \""weights_look_ok\"": true, \""bag_fee_max_price\"": true, \""bottle_fee_max_price\"": true, \""bag_fee_max_count\"": true, \""bottle_fee_max_count\"": true, \""tax_vs_subtotal_sanity_check\"": true, \""has_no_unknown_items\"": true, \""has_no_missing_items\"": true, \""delivery_discounts_are_nonzero\"": true}""
  },
  {
    ""key"": ""bottle_fee_info"",
    ""value"": ""{\""quantity\"": {\""value\"": 1.0}, \""price_per_unit\"": {\""unit_amount\"": 10, \""currency\"": \""USD\"", \""display_string\"": \""None0.10\"", \""decimal_places\"": 2, \""sign\"": null, \""symbol\"": null}, \""item_price\"": {\""unit_amount\"": 10, \""currency\"": \""USD\"", \""display_string\"": \""None0.10\"", \""decimal_places\"": 2, \""sign\"": null, \""symbol\"": null}, \""confidence_score\"": 1.0}""
  },
  {
    ""key"": ""delivery_uuid"",
    ""value"": ""\""8553b7d5-5d2b-3001-9e7e-21a07540641d\""""
  },
  {
    ""key"": ""missing_item_info"",
    ""value"": ""[]""
  },
  {
    ""key"": ""tax_amount"",
    ""value"": ""{\""money\"": {\""unit_amount\"": 0, \""currency\"": \""USD\"", \""display_string\"": \""None0.00\"", \""decimal_places\"": 2, \""sign\"": null, \""symbol\"": null}, \""confidence_score\"": 1.0}""
  },
  {
    ""key"": ""confidence_score"",
    ""value"": ""1.0""
  },
  {
    ""key"": ""raw_blink_receipt"",
    ""value"": ""{\""banner_id\"": 54, \""barcode\"": \""99024600364042521256\"", \""cardTypeFromAID\"": true, \""channel\"": {\""confidence\"": 100, \""value\"": \""Food\""}, \""date\"": {\""confidence\"": 99.98763275146484, \""value\"": \""09/08/2024\""}, \""isDigital\"": false, \""isFraudulent\"": false, \""is_blurry\"": false, \""is_instacart_shopper\"": false, \""is_receipt\"": true, \""is_screen\"": false, \""item_confidence\"": 100, \""last4cc\"": {\""confidence\"": 99.9221420288086, \""value\"": \""0637\""}, \""merchant_confidence\"": 100, \""merchant_name\"": \""Sprouts Farmers Market\"", \""ocr_confidence\"": 99.87394714355469, \""paymentMethods\"": [{\""amount\"": {\""confidence\"": 0, \""value\"": 114.09}, \""cardType\"": {\""confidence\"": 100, \""value\"": \""Mastercard\""}, \""method\"": {\""confidence\"": 99.97967529296875, \""value\"": \""Credit\""}}], \""phones\"": [{\""confidence\"": 99.97962188720703, \""value\"": \""760-771-2485\""}], \""products\"": [{\""infoLines\"": [{\""line\"": 1029, \""text\"": {\""confidence\"": 100, \""value\"": \""4.56 lb @ $0.69 / lb\""}, \""type\"": {\""confidence\"": 100, \""value\"": \""Weight\""}}], \""line\"": 1028, \""price\"": {\""confidence\"": 0, \""value\"": 0.69}, \""price_postfix\"": \""F\"", \""qty\"": {\""confidence\"": 0, \""value\"": 4.56}, \""rsd\"": {\""confidence\"": 100, \""original_case_value\"": \""YELLOW BANANAS\"", \""value\"": \""YELLOW BANANAS\""}, \""totalPrice\"": {\""confidence\"": 0, \""value\"": 3.15}, \""uom\"": {\""confidence\"": 0, \""value\"": \""lb\""}}, {\""infoLines\"": [{\""line\"": 1031, \""text\"": {\""confidence\"": 100, \""value\"": \""5.11 lb @ $0.69 / lb\""}, \""type\"": {\""confidence\"": 100, \""value\"": \""Weight\""}}], \""line\"": 1030, \""price\"": {\""confidence\"": 0, \""value\"": 0.69}, \""price_postfix\"": \""F\"", \""qty\"": {\""confidence\"": 0, \""value\"": 5.11}, \""rsd\"": {\""confidence\"": 100, \""original_case_value\"": \""YELLOW BANANAS\"", \""value\"": \""YELLOW BANANAS\""}, \""totalPrice\"": {\""confidence\"": 0, \""value\"": 3.53}, \""uom\"": {\""confidence\"": 0, \""value\"": \""lb\""}}, {\""infoLines\"": [{\""line\"": 1033, \""text\"": {\""confidence\"": 100, \""value\"": \""3.92 lb @ $0.69 / lb\""}, \""type\"": {\""confidence\"": 100, \""value\"": \""Weight\""}}], \""line\"": 1032, \""price\"": {\""confidence\"": 0, \""value\"": 0.69}, \""price_postfix\"": \""F\"", \""qty\"": {\""confidence\"": 0, \""value\"": 3.92}, \""rsd\"": {\""confidence\"": 100, \""original_case_value\"": \""YELLOW BANANAS\"", \""value\"": \""YELLOW BANANAS\""}, \""totalPrice\"": {\""confidence\"": 0, \""value\"": 2.7}, \""uom\"": {\""confidence\"": 0, \""value\"": \""lb\""}}, {\""infoLines\"": [{\""line\"": 1037, \""text\"": {\""confidence\"": 100, \""value\"": \""8 @ 1.29\""}, \""type\"": {\""confidence\"": 100, \""value\"": \""Quantity\""}}], \""line\"": 1036, \""price\"": {\""confidence\"": 99.98179626464844, \""value\"": 1.29}, \""price_postfix\"": \""F\"", \""qty\"": {\""confidence\"": 0, \""value\"": 8}, \""rsd\"": {\""confidence\"": 99.98179626464844, \""original_case_value\"": \""BAKING SODA\"", \""value\"": \""BAKING SODA\""}, \""totalPrice\"": {\""confidence\"": 0, \""value\"": 10.32}}, {\""line\"": 1040, \""price\"": {\""confidence\"": 99.99053955078125, \""value\"": 8.99}, \""price_postfix\"": \""F\"", \""qty\"": {\""confidence\"": 0, \""value\"": 1}, \""rsd\"": {\""confidence\"": 99.91899108886719, \""original_case_value\"": \""KOMBUCHA-ORG-GUAVA G\"", \""value\"": \""KOMBUCHA-ORG-GUAVA G\""}, \""totalPrice\"": {\""confidence\"": 0, \""value\"": 8.99}}, {\""line\"": 1041, \""price\"": {\""confidence\"": 99.99101257324219, \""value\"": 0.1}, \""qty\"": {\""confidence\"": 0, \""value\"": 1}, \""rsd\"": {\""confidence\"": 99.9759521484375, \""original_case_value\"": \""CRV FS 10\"", \""value\"": \""CRV FS 10\""}, \""totalPrice\"": {\""confidence\"": 0, \""value\"": 0.1}}, {\""infoLines\"": [{\""line\"": 1043, \""text\"": {\""confidence\"": 100, \""value\"": \""3 @ 6.99\""}, \""type\"": {\""confidence\"": 100, \""value\"": \""Quantity\""}}], \""line\"": 1042, \""price\"": {\""confidence\"": 99.98265838623047, \""value\"": 6.99}, \""price_postfix\"": \""F\"", \""qty\"": {\""confidence\"": 0, \""value\"": 3}, \""rsd\"": {\""confidence\"": 99.98265838623047, \""original_case_value\"": \""STRWBRY GRS FD KEFIR\"", \""value\"": \""STRWBRY GRS FD KEFIR\""}, \""totalPrice\"": {\""confidence\"": 0, \""value\"": 20.97}}, {\""infoLines\"": [{\""line\"": 1045, \""text\"": {\""confidence\"": 100, \""value\"": \""6 @ 5.79\""}, \""type\"": {\""confidence\"": 100, \""value\"": \""Quantity\""}}], \""line\"": 1044, \""price\"": {\""confidence\"": 99.97898864746094, \""value\"": 5.79}, \""price_postfix\"": \""F\"", \""qty\"": {\""confidence\"": 0, \""value\"": 6}, \""rsd\"": {\""confidence\"": 99.97898864746094, \""original_case_value\"": \""UNSWEETEND FLAX MILK\"", \""value\"": \""UNSWEETEND FLAX MILK\""}, \""totalPrice\"": {\""confidence\"": 0, \""value\"": 34.74}}, {\""infoLines\"": [{\""line\"": 1049, \""text\"": {\""confidence\"": 100, \""value\"": \""0.16 lb @ $58.49/ lb\""}, \""type\"": {\""confidence\"": 100, \""value\"": \""Weight\""}}], \""line\"": 1048, \""price\"": {\""confidence\"": 0, \""value\"": 58.49}, \""price_postfix\"": \""F\"", \""qty\"": {\""confidence\"": 0, \""value\"": 0.16}, \""rsd\"": {\""confidence\"": 100, \""original_case_value\"": \""ORG SPIRULINA POWDER\"", \""value\"": \""ORG SPIRULINA POWDER\""}, \""totalPrice\"": {\""confidence\"": 0, \""value\"": 9.36}, \""uom\"": {\""confidence\"": 0, \""value\"": \""lb\""}}, {\""infoLines\"": [{\""line\"": 1051, \""text\"": {\""confidence\"": 100, \""value\"": \""0.13 lb @ $58.49/ lb\""}, \""type\"": {\""confidence\"": 100, \""value\"": \""Weight\""}}], \""line\"": 1050, \""price\"": {\""confidence\"": 0, \""value\"": 58.49}, \""price_postfix\"": \""F\"", \""qty\"": {\""confidence\"": 0, \""value\"": 0.13}, \""rsd\"": {\""confidence\"": 100, \""original_case_value\"": \""ORG SPIRULINA POWDER\"", \""value\"": \""ORG SPIRULINA POWDER\""}, \""totalPrice\"": {\""confidence\"": 0, \""value\"": 7.6}, \""uom\"": {\""confidence\"": 0, \""value\"": \""lb\""}}, {\""infoLines\"": [{\""line\"": 1053, \""text\"": {\""confidence\"": 100, \""value\"": \""0.14 lb @ $58.49/ lb\""}, \""type\"": {\""confidence\"": 100, \""value\"": \""Weight\""}}], \""line\"": 1052, \""price\"": {\""confidence\"": 0, \""value\"": 58.49}, \""price_postfix\"": \""F\"", \""qty\"": {\""confidence\"": 0, \""value\"": 0.14}, \""rsd\"": {\""confidence\"": 100, \""original_case_value\"": \""ORG SPIRULINA POWDER\"", \""value\"": \""ORG SPIRULINA POWDER\""}, \""totalPrice\"": {\""confidence\"": 0, \""value\"": 8.19}, \""uom\"": {\""confidence\"": 0, \""value\"": \""lb\""}}, {\""line\"": 1056, \""price\"": {\""confidence\"": 99.99031829833984, \""value\"": 3.74}, \""price_postfix\"": \""F\"", \""qty\"": {\""confidence\"": 0, \""value\"": 1}, \""rsd\"": {\""confidence\"": 99.98391723632812, \""original_case_value\"": \""RAW SHRIMP\"", \""value\"": \""RAW SHRIMP\""}, \""totalPrice\"": {\""confidence\"": 0, \""value\"": 3.74}}, {\""infoLines\"": [{\""line\"": 1060, \""text\"": {\""confidence\"": 100, \""value\"": \""7 @ 0.10\""}, \""type\"": {\""confidence\"": 100, \""value\"": \""Quantity\""}}], \""line\"": 1059, \""price\"": {\""confidence\"": 99.98413848876953, \""value\"": 0.1}, \""qty\"": {\""confidence\"": 0, \""value\"": 7}, \""rsd\"": {\""confidence\"": 99.98413848876953, \""original_case_value\"": \""WHITE REUSEABLE BAG\"", \""value\"": \""WHITE REUSEABLE BAG\""}, \""totalPrice\"": {\""confidence\"": 0, \""value\"": 0.7}}], \""purchase_type\"": \""In-Store\"", \""raw_basket\"": \""YELLOW BANANAS 3.15 F\\n4.56 lb @ $0.69 / lb\\nYELLOW BANANAS 3.53 F\\n5.11 lb @ $0.69 / lb\\nYELLOW BANANAS 2.70 F\\n3.92 lb @ $0.69 / lb\\nGROCERY\\nBAKING SODA 10.32 F\\n8 @ 1.29\\nDAIRY\\nKOMBUCHA-ORG-GUAVA G 8.99 F\\n*CRV FS 10 0.10\\nSTRWBRY GRS FD KEFIR 20.97 F\\n3 @ 6.99\\nUNSWEETEND FLAX MILK 34.74 F\\n6 @ 5.79\\nBULK\\nORG SPIRULINA POWDER 9.36 F\\n0.16 lb @ $58.49/ lb\\nORG SPIRULINA POWDER 7.60 F\\n0.13 lb @ $58.49/ lb\\nORG SPIRULINA POWDER 8.19 F\\n0.14 lb @ $58.49/ lb\\nFISH\\nRAW SHRIMP 3.74 F\\nCRV\\nWHITE REUSEABLE BAG 0.70\\n7 @ 0.10\\n\"", \""raw_text_array\"": [\""SPR UTS\\nFARMERS MARKET\\n79-050 Highway 111\\nLa Quinta, CA 92253\\n(760) 771-2485\\nStore Hours MON-SUN 7AM-10PM\\n\\n\\n09/08/2024 13:00:26\\nMASTERCARD Entry Method:Cntctless\\nCARD #: XXXXXXXXXXXX0637\\nPURCHASE - APPROVED\\nAUTH CODE:258669\\n\\nMode: Issuer\\nAID: A0000000041010\\nTVR: 0000008001\\nIAD: 0114A14003020000000400000000000\\n000FF\\nTSI: A800 ARC: 00\\nTC: 40F1F7E6C7B0C409\\nMID: 920766 TID: 001 RRN: 030276\\n\\nTotal: USD$ 114.09\\n\\n\\n\\nPRODUCE\\nYELLOW BANANAS 3.15 F\\n4.56 lb @ $0.69 / lb\\nYELLOW BANANAS 3.53 F\\n5.11 lb @ $0.69 / lb\\nYELLOW BANANAS 2.70 F\\n3.92 lb @ $0.69 / lb\\n\\nGROCERY\\nBAKING SODA 10.32 F\\n8 @ 1.29\\n\\nDAIRY\\nKOMBUCHA-ORG-GUAVA G 8.99 F\\n*CRV FS 10 0.10\\nSTRWBRY GRS FD KEFIR 20.97 F\\n3 @ 6.99\\nUNSWEETEND FLAX MILK 34.74 F\\n6 @ 5.79\\n\\nBULK\\nORG SPIRULINA POWDER 9.36 F\\n0.16 lb @ $58.49/ lb\\nORG SPIRULINA POWDER 7.60 F\\n0.13 lb @ $58.49/ lb\\nORG SPIRULINA POWDER 8.19 F\\n0.14 lb @ $58.49/ lb\\n\\nFISH\\nRAW SHRIMP 3.74 F\\n\\nCRV\\nWHITE REUSEABLE BAG 0.70\\n7 @ 0.10\\n\\nBALANCE DUE 114.09\\nCREDIT $114.09\\n[ ] XXXXXXXXXXXX0637\\nAuth# 258669 Ref# 030276\\nCHANGE 0.00\\n******************************************\\nWe need your feedback!\\nTake a quick survey & enter for the chance\\nto WIN a $250 Sprouts gift card. Go to:\\nSproutsFeedback.com\\n*5 Winners Monthly*\\n\\n\\n\\n\\n\\n\\n99024600364042521256\\n******************************************\\nCashier:Codie Store: 246\\nPOS:003 Transaction:6404\\nSunday, September 8, 2024 12:56 PM\\n\\nSave money, save paper -\\nsign up to receive our weekly ad\\nby email at Sprouts.com\\n-------------------------------\\nPlease keep your original receipt, the\\n\""], \""raw_trip_footer\"": \""BALANCE DUE 114.09\\nCREDIT $114.09\\n[ ] XXXXXXXXXXXX0637\\nAuth# 258669 Ref# 030276\\nCHANGE 0.00\\n******************************************\\nWe need your feedback!\\nTake a quick survey & enter for the chance\\nto WIN a $250 Sprouts gift card. Go to:\\nSproutsFeedback.com\\n*5 Winners Monthly*\\n99024600364042521256\\n******************************************\\nCashier:Codie Store: 246\\nPOS:003 Transaction:6404\\nSunday, September 8, 2024 12:56 PM\\nSave money, save paper -\\nsign up to receive our weekly ad\\nby email at Sprouts.com\\n-------------------------------\\nPlease keep your original receipt, the\\n\"", \""raw_trip_header\"": \""SPR UTS\\nFARMERS MARKET\\n79-050 Highway 111\\nLa Quinta, CA 92253\\n(760) 771-2485\\nStore Hours MON-SUN 7AM-10PM\\n09/08/2024 13:00:26\\nMASTERCARD Entry Method:Cntctless\\nCARD #: XXXXXXXXXXXX0637\\nPURCHASE - APPROVED\\nAUTH CODE:258669\\nMode: Issuer\\nAID: A0000000041010\\nTVR: 0000008001\\nIAD: 0114A14003020000000400000000000\\n000FF\\nTSI: A800 ARC: 00\\nTC: 40F1F7E6C7B0C409\\nMID: 920766 TID: 001 RRN: 030276\\nTotal: USD$ 114.09\\nPRODUCE\\n\"", \""store\"": {\""confidence\"": 99.9886703491211, \""value\"": \""246\""}, \""store_city\"": {\""confidence\"": 100, \""value\"": \""La Quinta\""}, \""store_state\"": {\""confidence\"": 100, \""value\"": \""CA\""}, \""store_street\"": {\""confidence\"": 100, \""value\"": \""79050 Hwy. 111\""}, \""store_zip\"": {\""confidence\"": 100, \""value\"": \""92253\""}, \""subtotal\"": {\""confidence\"": 100, \""value\"": 114.09}, \""time\"": {\""confidence\"": 99.98763275146484, \""value\"": \""12:56\""}, \""total\"": {\""confidence\"": 95, \""value\"": 114.09}, \""transaction\"": {\""confidence\"": 99.9680404663086, \""value\"": \""6404\""}, \""trip_confidence\"": 100, \""blink_receipt_id\"": \""e42dba0f-efa5-496f-89c4-7f73c3ba674c\"", \""cashback\"": 0, \""image_urls\"": [\""https://img.cdn4dd.com/cdn-cgi/image/format=auto/https://doordash-static.s3.amazonaws.com/media/photosV2/b80546a4-fa18-459e-8515-b0b38b479e3f-retina-large.jpeg\""], \""country_code\"": \""US\"", \""api_version\"": 14}""
  }
]"
"[
  {
    ""key"": ""unmatched_item_info"",
    ""value"": ""[]""
  },
  {
    ""key"": ""embedding_matching_df"",
    ""value"": ""{\""BLUE DIAMOND ALMO\"": {\""Asparagus (bunch)\"": 0.17344004009697686, \""Tillamook Mountain Huckleberry Ice Cream (1.5 qt)\"": 0.25257207623604594, \""Tillamook Peaches & Cream Ice Cream (48 oz)\"": 0.2793710139816096, \""Almond Breeze Unsweetened Vanilla Almond Milk (1/2 gal)\"": 0.3865627331055272, \""Hempler's Original Center Cut Bacon (pack)\"": 0.21747733453038912, \""Bag Fee\"": 0.0, \""Bottle Deposit aka CRV\"": 0.0, \""Unknown Item\"": 0.20035853570408335}, \""TILLAMOOK ORIG PRM\"": {\""Asparagus (bunch)\"": 0.2231178797151792, \""Tillamook Mountain Huckleberry Ice Cream (1.5 qt)\"": 0.5678610667557165, \""Tillamook Peaches & Cream Ice Cream (48 oz)\"": 0.5666786636783248, \""Almond Breeze Unsweetened Vanilla Almond Milk (1/2 gal)\"": 0.3148983393392301, \""Hempler's Original Center Cut Bacon (pack)\"": 0.37873603123194516, \""Bag Fee\"": 0.0, \""Bottle Deposit aka CRV\"": 0.0, \""Unknown Item\"": 0.21662024324857534}, \""TILLAMOOK ORIG\"": {\""Asparagus (bunch)\"": 0.1924559813096655, \""Tillamook Mountain Huckleberry Ice Cream (1.5 qt)\"": 0.5354976420991735, \""Tillamook Peaches & Cream Ice Cream (48 oz)\"": 0.5380384569071591, \""Almond Breeze Unsweetened Vanilla Almond Milk (1/2 gal)\"": 0.28784808645479093, \""Hempler's Original Center Cut Bacon (pack)\"": 0.34281937079874225, \""Bag Fee\"": 0.0, \""Bottle Deposit aka CRV\"": 0.0, \""Unknown Item\"": 0.21946747218095142}, \""HEMPLERS BCN REG S\"": {\""Asparagus (bunch)\"": 0.2465957297986246, \""Tillamook Mountain Huckleberry Ice Cream (1.5 qt)\"": 0.23318234966711512, \""Tillamook Peaches & Cream Ice Cream (48 oz)\"": 0.18398060584958548, \""Almond Breeze Unsweetened Vanilla Almond Milk (1/2 gal)\"": 0.2597014995045032, \""Hempler's Original Center Cut Bacon (pack)\"": 0.3133266643445512, \""Bag Fee\"": 0.0, \""Bottle Deposit aka CRV\"": 0.0, \""Unknown Item\"": 0.1998861043225663}, \""ASPARAGUS GREEN\"": {\""Asparagus (bunch)\"": 0.6050587748067486, \""Tillamook Mountain Huckleberry Ice Cream (1.5 qt)\"": 0.22900895713737277, \""Tillamook Peaches & Cream Ice Cream (48 oz)\"": 0.21945377077083122, \""Almond Breeze Unsweetened Vanilla Almond Milk (1/2 gal)\"": 0.2468553574479245, \""Hempler's Original Center Cut Bacon (pack)\"": 0.22860332986915916, \""Bag Fee\"": 0.0, \""Bottle Deposit aka CRV\"": 0.0, \""Unknown Item\"": 0.20757189263467826}, \""RCYCBLE BAG CHARGE\"": {\""Asparagus (bunch)\"": 0.1704431986049141, \""Tillamook Mountain Huckleberry Ice Cream (1.5 qt)\"": 0.1424734380502418, \""Tillamook Peaches & Cream Ice Cream (48 oz)\"": 0.09728329696812056, \""Almond Breeze Unsweetened Vanilla Almond Milk (1/2 gal)\"": 0.12684341520888828, \""Hempler's Original Center Cut Bacon (pack)\"": 0.13548586411777655, \""Bag Fee\"": 0.6045715792171283, \""Bottle Deposit aka CRV\"": 0.40376940743211637, \""Unknown Item\"": 0.1250054834641823}, \""Unknown Item\"": {\""Asparagus (bunch)\"": 0.21512090808855833, \""Tillamook Mountain Huckleberry Ice Cream (1.5 qt)\"": 0.18338647073994926, \""Tillamook Peaches & Cream Ice Cream (48 oz)\"": 0.18525116628520732, \""Almond Breeze Unsweetened Vanilla Almond Milk (1/2 gal)\"": 0.21234816288128172, \""Hempler's Original Center Cut Bacon (pack)\"": 0.2028485179163046, \""Bag Fee\"": 0.30045181350725836, \""Bottle Deposit aka CRV\"": 0.21779990495262982, \""Unknown Item\"": 0.9990009990989842}}""
  },
  {
    ""key"": ""total_amount"",
    ""value"": ""{\""money\"": {\""unit_amount\"": 3282, \""currency\"": \""USD\"", \""display_string\"": \""None32.82\"", \""decimal_places\"": 2, \""sign\"": null, \""symbol\"": null}, \""confidence_score\"": 1.0}""
  },
  {
    ""key"": ""discount_amount"",
    ""value"": ""{\""money\"": {\""unit_amount\"": 0, \""currency\"": \""USD\"", \""display_string\"": \""None0.00\"", \""decimal_places\"": 2, \""sign\"": null, \""symbol\"": null}, \""confidence_score\"": 1.0}""
  },
  {
    ""key"": ""business_id"",
    ""value"": ""697427""
  },
  {
    ""key"": ""subtotal_amount"",
    ""value"": ""{\""money\"": {\""unit_amount\"": 3282, \""currency\"": \""USD\"", \""display_string\"": \""None32.82\"", \""decimal_places\"": 2, \""sign\"": null, \""symbol\"": null}, \""confidence_score\"": 1.0}""
  },
  {
    ""key"": ""tax_confidence_score"",
    ""value"": ""1.0""
  },
  {
    ""key"": ""matched_item_info"",
    ""value"": ""[{\""merchant_supplied_id\"": \""36050096\"", \""display_name\"": \""Almond Breeze Unsweetened Vanilla Almond Milk (1/2 gal)\"", \""ocr_description\"": \""BLUE DIAMOND ALMO\"", \""quantity\"": {\""value\"": 2.0}, \""price_per_unit\"": {\""unit_amount\"": 300, \""currency\"": \""USD\"", \""display_string\"": \""None3.00\"", \""decimal_places\"": 2, \""sign\"": null, \""symbol\"": null}, \""item_price\"": {\""unit_amount\"": 600, \""currency\"": \""USD\"", \""display_string\"": \""None6.00\"", \""decimal_places\"": 2, \""sign\"": null, \""symbol\"": null}, \""non_discount_price_per_unit\"": {\""unit_amount\"": 399, \""currency\"": \""USD\"", \""display_string\"": \""None3.99\"", \""decimal_places\"": 2, \""sign\"": null, \""symbol\"": null}, \""non_discount_item_price\"": {\""unit_amount\"": 798, \""currency\"": \""USD\"", \""display_string\"": \""None7.98\"", \""decimal_places\"": 2, \""sign\"": null, \""symbol\"": null}, \""sold_by_weight\"": false, \""confidence_score\"": 1.0}, {\""merchant_supplied_id\"": \""42010763\"", \""display_name\"": \""Tillamook Mountain Huckleberry Ice Cream (1.5 qt)\"", \""ocr_description\"": \""TILLAMOOK ORIG PRM\"", \""quantity\"": {\""value\"": 1.0}, \""price_per_unit\"": {\""unit_amount\"": 649, \""currency\"": \""USD\"", \""display_string\"": \""None6.49\"", \""decimal_places\"": 2, \""sign\"": null, \""symbol\"": null}, \""item_price\"": {\""unit_amount\"": 649, \""currency\"": \""USD\"", \""display_string\"": \""None6.49\"", \""decimal_places\"": 2, \""sign\"": null, \""symbol\"": null}, \""non_discount_price_per_unit\"": {\""unit_amount\"": 699, \""currency\"": \""USD\"", \""display_string\"": \""None6.99\"", \""decimal_places\"": 2, \""sign\"": null, \""symbol\"": null}, \""non_discount_item_price\"": {\""unit_amount\"": 699, \""currency\"": \""USD\"", \""display_string\"": \""None6.99\"", \""decimal_places\"": 2, \""sign\"": null, \""symbol\"": null}, \""sold_by_weight\"": false, \""confidence_score\"": 1.0}, {\""merchant_supplied_id\"": \""42010807\"", \""display_name\"": \""Tillamook Peaches & Cream Ice Cream (48 oz)\"", \""ocr_description\"": \""TILLAMOOK ORIG\"", \""quantity\"": {\""value\"": 1.0}, \""price_per_unit\"": {\""unit_amount\"": 649, \""currency\"": \""USD\"", \""display_string\"": \""None6.49\"", \""decimal_places\"": 2, \""sign\"": null, \""symbol\"": null}, \""item_price\"": {\""unit_amount\"": 649, \""currency\"": \""USD\"", \""display_string\"": \""None6.49\"", \""decimal_places\"": 2, \""sign\"": null, \""symbol\"": null}, \""non_discount_price_per_unit\"": {\""unit_amount\"": 699, \""currency\"": \""USD\"", \""display_string\"": \""None6.99\"", \""decimal_places\"": 2, \""sign\"": null, \""symbol\"": null}, \""non_discount_item_price\"": {\""unit_amount\"": 699, \""currency\"": \""USD\"", \""display_string\"": \""None6.99\"", \""decimal_places\"": 2, \""sign\"": null, \""symbol\"": null}, \""sold_by_weight\"": false, \""confidence_score\"": 1.0}, {\""merchant_supplied_id\"": \""88560164\"", \""display_name\"": \""Hempler's Original Center Cut Bacon (pack)\"", \""ocr_description\"": \""HEMPLERS BCN REG S\"", \""quantity\"": {\""value\"": 1.0}, \""price_per_unit\"": {\""unit_amount\"": 999, \""currency\"": \""USD\"", \""display_string\"": \""None9.99\"", \""decimal_places\"": 2, \""sign\"": null, \""symbol\"": null}, \""item_price\"": {\""unit_amount\"": 999, \""currency\"": \""USD\"", \""display_string\"": \""None9.99\"", \""decimal_places\"": 2, \""sign\"": null, \""symbol\"": null}, \""non_discount_price_per_unit\"": {\""unit_amount\"": 1099, \""currency\"": \""USD\"", \""display_string\"": \""None10.99\"", \""decimal_places\"": 2, \""sign\"": null, \""symbol\"": null}, \""non_discount_item_price\"": {\""unit_amount\"": 1099, \""currency\"": \""USD\"", \""display_string\"": \""None10.99\"", \""decimal_places\"": 2, \""sign\"": null, \""symbol\"": null}, \""sold_by_weight\"": false, \""confidence_score\"": 1.0}, {\""merchant_supplied_id\"": \""84260002_WI_1LB\"", \""display_name\"": \""Asparagus (bunch)\"", \""ocr_description\"": \""ASPARAGUS GREEN\"", \""quantity\"": {\""value\"": 1.08}, \""price_per_unit\"": {\""unit_amount\"": 349, \""currency\"": \""USD\"", \""display_string\"": \""None3.49\"", \""decimal_places\"": 2, \""sign\"": null, \""symbol\"": null}, \""item_price\"": {\""unit_amount\"": 377, \""currency\"": \""USD\"", \""display_string\"": \""None3.77\"", \""decimal_places\"": 2, \""sign\"": null, \""symbol\"": null}, \""non_discount_price_per_unit\"": {\""unit_amount\"": 0, \""currency\"": \""USD\"", \""display_string\"": \""None0.00\"", \""decimal_places\"": 2, \""sign\"": null, \""symbol\"": null}, \""non_discount_item_price\"": {\""unit_amount\"": 0, \""currency\"": \""USD\"", \""display_string\"": \""None0.00\"", \""decimal_places\"": 2, \""sign\"": null, \""symbol\"": null}, \""sold_by_weight\"": true, \""confidence_score\"": 1.0}]""
  },
  {
    ""key"": ""bag_fee_info"",
    ""value"": ""{\""quantity\"": {\""value\"": 1.0}, \""price_per_unit\"": {\""unit_amount\"": 8, \""currency\"": \""USD\"", \""display_string\"": \""None0.08\"", \""decimal_places\"": 2, \""sign\"": null, \""symbol\"": null}, \""item_price\"": {\""unit_amount\"": 8, \""currency\"": \""USD\"", \""display_string\"": \""None0.08\"", \""decimal_places\"": 2, \""sign\"": null, \""symbol\"": null}, \""confidence_score\"": 1.0}""
  },
  {
    ""key"": ""blink_items_df"",
    ""value"": ""{\""ocr_description\"": {\""0\"": \""BLUE DIAMOND ALMO\"", \""1\"": \""TILLAMOOK ORIG PRM\"", \""2\"": \""TILLAMOOK ORIG\"", \""3\"": \""HEMPLERS BCN REG S\"", \""4\"": \""ASPARAGUS GREEN\"", \""5\"": \""RCYCBLE BAG CHARGE\"", \""6\"": \""discount_cents\"", \""7\"": \""subtotal_cents\"", \""8\"": \""total_tax_cents\"", \""9\"": \""total_cents\""}, \""quantity\"": {\""0\"": 2.0, \""1\"": 1.0, \""2\"": 1.0, \""3\"": 1.0, \""4\"": 1.08, \""5\"": 1.0, \""6\"": NaN, \""7\"": NaN, \""8\"": NaN, \""9\"": NaN}, \""price_per_unit_cents\"": {\""0\"": 300.0, \""1\"": 649.0, \""2\"": 649.0, \""3\"": 999.0, \""4\"": 349.0, \""5\"": 8.0, \""6\"": NaN, \""7\"": NaN, \""8\"": NaN, \""9\"": NaN}, \""item_price_cents\"": {\""0\"": 600, \""1\"": 649, \""2\"": 649, \""3\"": 999, \""4\"": 377, \""5\"": 8, \""6\"": 0, \""7\"": 3282, \""8\"": 0, \""9\"": 3282}}""
  },
  {
    ""key"": ""input_swipe_amount"",
    ""value"": ""3282""
  },
  {
    ""key"": ""is_legible"",
    ""value"": ""true""
  },
  {
    ""key"": ""input_item_info"",
    ""value"": ""[{\""merchant_supplied_id\"": \""84260002_WI_1LB\"", \""display_name\"": \""Asparagus (bunch)\"", \""scanned_barcode\"": null}, {\""merchant_supplied_id\"": \""42010763\"", \""display_name\"": \""Tillamook Mountain Huckleberry Ice Cream (1.5 qt)\"", \""scanned_barcode\"": null}, {\""merchant_supplied_id\"": \""42010807\"", \""display_name\"": \""Tillamook Peaches & Cream Ice Cream (48 oz)\"", \""scanned_barcode\"": null}, {\""merchant_supplied_id\"": \""36050096\"", \""display_name\"": \""Almond Breeze Unsweetened Vanilla Almond Milk (1/2 gal)\"", \""scanned_barcode\"": null}, {\""merchant_supplied_id\"": \""88560164\"", \""display_name\"": \""Hempler's Original Center Cut Bacon (pack)\"", \""scanned_barcode\"": null}]""
  },
  {
    ""key"": ""url"",
    ""value"": ""\""https://img.cdn4dd.com/cdn-cgi/image/format=auto/https://doordash-static.s3.amazonaws.com/media/photosV2/428c82aa-961d-4f62-a37e-9605c0f4b22e-retina-large.jpeg\""""
  },
  {
    ""key"": ""sanity_checks"",
    ""value"": ""{\""swipe_match\"": true, \""subtotal_match\"": true, \""tax_match\"": true, \""items_length_match\"": true, \""ok_ocr_name_deduping\"": true, \""item_price_reasonableness\"": true, \""weights_look_ok\"": true, \""bag_fee_max_price\"": true, \""bottle_fee_max_price\"": true, \""bag_fee_max_count\"": true, \""bottle_fee_max_count\"": true, \""tax_vs_subtotal_sanity_check\"": true, \""has_no_unknown_items\"": true, \""has_no_missing_items\"": true, \""delivery_discounts_are_nonzero\"": true}""
  },
  {
    ""key"": ""bottle_fee_info"",
    ""value"": ""{\""quantity\"": {\""value\"": 0}, \""price_per_unit\"": {\""unit_amount\"": 0, \""currency\"": \""USD\"", \""display_string\"": \""None0.00\"", \""decimal_places\"": 2, \""sign\"": null, \""symbol\"": null}, \""item_price\"": {\""unit_amount\"": 0, \""currency\"": \""USD\"", \""display_string\"": \""None0.00\"", \""decimal_places\"": 2, \""sign\"": null, \""symbol\"": null}, \""confidence_score\"": 1.0}""
  },
  {
    ""key"": ""delivery_uuid"",
    ""value"": ""\""6c2630e1-d325-3001-b0fc-82bf0d121189\""""
  },
  {
    ""key"": ""missing_item_info"",
    ""value"": ""[]""
  },
  {
    ""key"": ""tax_amount"",
    ""value"": ""{\""money\"": {\""unit_amount\"": 0, \""currency\"": \""USD\"", \""display_string\"": \""None0.00\"", \""decimal_places\"": 2, \""sign\"": null, \""symbol\"": null}, \""confidence_score\"": 1.0}""
  },
  {
    ""key"": ""confidence_score"",
    ""value"": ""1.0""
  },
  {
    ""key"": ""raw_blink_receipt"",
    ""value"": ""{\""banner_id\"": 8, \""barcode\"": \""00128705102532409062023\"", \""channel\"": {\""confidence\"": 100, \""value\"": \""Food\""}, \""date\"": {\""confidence\"": 50, \""value\"": \""09/06/2024\""}, \""isDigital\"": false, \""isFraudulent\"": false, \""is_blurry\"": false, \""is_instacart_shopper\"": false, \""is_receipt\"": true, \""is_screen\"": false, \""item_confidence\"": 100, \""merchant_confidence\"": 99, \""merchant_name\"": \""Safeway\"", \""ocr_confidence\"": 97.25306701660156, \""phones\"": [{\""confidence\"": 99.96176147460938, \""value\"": \""360-834-7933\""}], \""products\"": [{\""fullPrice\"": {\""confidence\"": 0, \""value\"": 7.98}, \""infoLines\"": [{\""line\"": 1014, \""text\"": {\""confidence\"": 100, \""value\"": \""Member Savings -1.98\""}, \""type\"": {\""confidence\"": 100, \""value\"": \""Price Cut\""}}], \""line\"": 1013, \""price\"": {\""confidence\"": 100, \""value\"": 3}, \""price_postfix\"": \""S\"", \""qty\"": {\""confidence\"": 0, \""value\"": 2}, \""rpn\"": {\""confidence\"": 96.50765228271484, \""value\"": \""4157005618\""}, \""rsd\"": {\""confidence\"": 96.50765228271484, \""original_case_value\"": \""BLUE DIAMOND ALMO\"", \""value\"": \""BLUE DIAMOND ALMO\""}, \""totalPrice\"": {\""confidence\"": 0, \""value\"": 6}}, {\""fullPrice\"": {\""confidence\"": 0, \""value\"": 6.99}, \""infoLines\"": [{\""line\"": 1016, \""text\"": {\""confidence\"": 100, \""value\"": \""Member Savings -0.50\""}, \""type\"": {\""confidence\"": 100, \""value\"": \""Price Cut\""}}], \""line\"": 1015, \""price\"": {\""confidence\"": 99.77127075195312, \""value\"": 6.49}, \""price_postfix\"": \""S\"", \""qty\"": {\""confidence\"": 0, \""value\"": 1}, \""rpn\"": {\""confidence\"": 99.86611938476562, \""value\"": \""7283008101\""}, \""rsd\"": {\""confidence\"": 99.86611938476562, \""original_case_value\"": \""TILLAMOOK ORIG PRM\"", \""value\"": \""TILLAMOOK ORIG PRM\""}, \""totalPrice\"": {\""confidence\"": 0, \""value\"": 6.49}}, {\""fullPrice\"": {\""confidence\"": 0, \""value\"": 6.99}, \""infoLines\"": [{\""line\"": 1018, \""text\"": {\""confidence\"": 100, \""value\"": \""Member Savings -0.50\""}, \""type\"": {\""confidence\"": 100, \""value\"": \""Price Cut\""}}, {\""line\"": 1019, \""text\"": {\""confidence\"": 100, \""value\"": \""MEAT\""}, \""type\"": {\""confidence\"": 100, \""value\"": \""\""}}], \""line\"": 1017, \""price\"": {\""confidence\"": 99.68643951416016, \""value\"": 6.49}, \""price_postfix\"": \""S\"", \""qty\"": {\""confidence\"": 0, \""value\"": 1}, \""rpn\"": {\""confidence\"": 99.5257797241211, \""value\"": \""7283008125\""}, \""rsd\"": {\""confidence\"": 99.5257797241211, \""original_case_value\"": \""TILLAMOOK ORIG\"", \""value\"": \""TILLAMOOK ORIG\""}, \""totalPrice\"": {\""confidence\"": 0, \""value\"": 6.49}}, {\""fullPrice\"": {\""confidence\"": 0, \""value\"": 10.99}, \""infoLines\"": [{\""line\"": 1021, \""text\"": {\""confidence\"": 100, \""value\"": \""Membar Savtngs -1.00\""}, \""type\"": {\""confidence\"": 100, \""value\"": \""\""}}, {\""line\"": 1022, \""text\"": {\""confidence\"": 100, \""value\"": \""PRODUCE\""}, \""type\"": {\""confidence\"": 100, \""value\"": \""\""}}], \""line\"": 1020, \""price\"": {\""confidence\"": 99.77766418457031, \""value\"": 9.99}, \""price_postfix\"": \""S\"", \""qty\"": {\""confidence\"": 0, \""value\"": 1}, \""rpn\"": {\""confidence\"": 99.77384185791016, \""value\"": \""2183403331\""}, \""rsd\"": {\""confidence\"": 99.77384185791016, \""original_case_value\"": \""HEMPLERS BCN REG S\"", \""value\"": \""HEMPLERS BCN REG S\""}, \""totalPrice\"": {\""confidence\"": 0, \""value\"": 9.99}}, {\""infoLines\"": [{\""line\"": 1024, \""text\"": {\""confidence\"": 100, \""value\"": \""WT 1.08 lb @ $3.49 /lb\""}, \""type\"": {\""confidence\"": 100, \""value\"": \""Weight\""}}, {\""line\"": 1025, \""text\"": {\""confidence\"": 100, \""value\"": \""NISCELLANEOUS\""}, \""type\"": {\""confidence\"": 100, \""value\"": \""\""}}], \""line\"": 1023, \""price\"": {\""confidence\"": 0, \""value\"": 3.49}, \""price_postfix\"": \""S\"", \""qty\"": {\""confidence\"": 0, \""value\"": 1.08}, \""rpn\"": {\""confidence\"": 100, \""value\"": \""89904900212\""}, \""rsd\"": {\""confidence\"": 99.67304992675781, \""original_case_value\"": \""ASPARAGUS GREEN\"", \""value\"": \""ASPARAGUS GREEN\""}, \""totalPrice\"": {\""confidence\"": 0, \""value\"": 3.77}, \""uom\"": {\""confidence\"": 0, \""value\"": \""lb\""}}, {\""line\"": 1026, \""price\"": {\""confidence\"": 100, \""value\"": 0.08}, \""price_postfix\"": \""T\"", \""qty\"": {\""confidence\"": 0, \""value\"": 1}, \""rpn\"": {\""confidence\"": 99.94905090332031, \""value\"": \""22147\""}, \""rsd\"": {\""confidence\"": 99.4272689819336, \""original_case_value\"": \""RCYCBLE BAG CHARGE\"", \""value\"": \""RCYCBLE BAG CHARGE\""}, \""totalPrice\"": {\""confidence\"": 0, \""value\"": 0.08}}], \""purchase_type\"": \""In-Store\"", \""raw_basket\"": \""4157005618 2@ BLUE DIAMOND ALMO 7.98 6.00 S\\nMember Savings -1.98\\n7283008101 TILLAMOOK ORIG PRM 6.99 6.49 S\\nMember Savings -0.50\\n7283008125 TILLAMOOK ORIG 6.99 6.49 S\\nMember Savings -0.50\\nMEAT\\n2183403331 HEMPLERS BCN REG S 10.99 9.99 S\\nMembar Savtngs -1.00\\nPRODUCE\\n89904900212 ASPARAGUS GREEN 3.77 3.77 S\\nWT 1.08 lb @ $3.49 /lb\\nNISCELLANEOUS\\n22147 RCYCBLE BAG CHARGE 0.08 0.08 T\\n\"", \""raw_text_array\"": [\""S FE\\nStore 1287 Dir Laura Owings\\nMain:(360) 834-7933 Rx:(360) 834-6550\\n800 N.E. 3rd\\nCAMAS WA 98607\\n\\n\\n\\n00128705102532409062023\\n--------------------------------------\\nYOUR CASHIER TODAY WAS SELF\\n--------------------------------------\\nREFRIG/FROZEN Price You Pay\\n4157005618 2@ BLUE DIAMOND ALMO 7.98 6.00 S\\nMember Savings -1.98\\n7283008101 TILLAMOOK ORIG PRM 6.99 6.49 S\\nMember Savings -0.50\\n7283008125 TILLAMOOK ORIG 6.99 6.49 S\\nMember Savings -0.50\\nMEAT\\n2183403331 HEMPLERS BCN REG S 10.99 9.99 S\\nMembar Savtngs -1.00\\nPRODUCE\\n89904900212 ASPARAGUS GREEN 3.77 3.77 S\\nWT 1.08 lb @ $3.49 /lb\\nNISCELLANEOUS\\n22147 RCYCBLE BAG CHARGE 0.08 0.08 T\\n\\nTAX 0.01\\nTRX EXEMPTION -0.01\\n**** BALANCE 32.82\\n\\nQR Mobile Pay 32.82\\nCHANGE 0.00\\n\\nYOUR SAVINGS\\nMember Savings 3.98\\nTotal 3.98\\nTotal Savinss Value 11%\\n\\nTOTAL NUMGER OF ITEMS SOLD = 6\\n09/-06/24 20:23 1287 51 253 851\\n\\n\\nDhans Sw for spopeUng Safeuy\\nRgr S rEar FORl4uestions c\\n\""], \""raw_trip_footer\"": \""TAX 0.01\\nTRX EXEMPTION -0.01\\n**** BALANCE 32.82\\nQR Mobile Pay 32.82\\nCHANGE 0.00\\nYOUR SAVINGS\\nMember Savings 3.98\\nTotal 3.98\\nTotal Savinss Value 11%\\nTOTAL NUMGER OF ITEMS SOLD = 6\\n09/-06/24 20:23 1287 51 253 8.51\\nDhans Sw for spopeUng Safeuy\\nRgr S rEar FORl4uestions c\\n\"", \""raw_trip_header\"": \""S FE\\nStore 1287 Dir Laura Owings\\nMain :(360) 834-7933 Rx :(360) 834-6550\\n800 N.E. 3rd\\nCAMAS WA 98607\\n00128705102532409062023\\n--------------------------------------\\nYOUR CASHIER TODAY WAS SELF\\n--------------------------------------\\nREFRIG/FROZEN Price You Pay\\n\"", \""store\"": {\""confidence\"": 99.9620590209961, \""value\"": \""1287\""}, \""store_city\"": {\""confidence\"": 100, \""value\"": \""Camas\""}, \""store_state\"": {\""confidence\"": 100, \""value\"": \""WA\""}, \""store_street\"": {\""confidence\"": 100, \""value\"": \""800 N.E. Third\""}, \""store_zip\"": {\""confidence\"": 100, \""value\"": \""98607\""}, \""subtotal\"": {\""confidence\"": 100, \""value\"": 32.82}, \""taxes\"": {\""confidence\"": 99.73855590820312, \""value\"": 0}, \""time\"": {\""confidence\"": 94.26714324951172, \""value\"": \""20:23\""}, \""total\"": {\""confidence\"": 99.8110122680664, \""value\"": 32.82}, \""trip_confidence\"": 100, \""blink_receipt_id\"": \""5916b5e6-74ce-4b5c-9530-a36c0b7c4cc9\"", \""cashback\"": 0, \""image_urls\"": [\""https://img.cdn4dd.com/cdn-cgi/image/format=auto/https://doordash-static.s3.amazonaws.com/media/photosV2/428c82aa-961d-4f62-a37e-9605c0f4b22e-retina-large.jpeg\""], \""country_code\"": \""US\"", \""api_version\"": 14}""
  }
]"
"[
  {
    ""key"": ""unmatched_item_info"",
    ""value"": ""[]""
  },
  {
    ""key"": ""embedding_matching_df"",
    ""value"": ""{\""BLUE DIAMOND ALMO\"": {\""Asparagus (bunch)\"": 0.17344004009697686, \""Tillamook Mountain Huckleberry Ice Cream (1.5 qt)\"": 0.25257207623604594, \""Tillamook Peaches & Cream Ice Cream (48 oz)\"": 0.2793710139816096, \""Almond Breeze Unsweetened Vanilla Almond Milk (1/2 gal)\"": 0.3865627331055272, \""Hempler's Original Center Cut Bacon (pack)\"": 0.21747733453038912, \""Bag Fee\"": 0.0, \""Bottle Deposit aka CRV\"": 0.0, \""Unknown Item\"": 0.20035853570408335}, \""TILLAMOOK ORIG PRM\"": {\""Asparagus (bunch)\"": 0.2231178797151792, \""Tillamook Mountain Huckleberry Ice Cream (1.5 qt)\"": 0.5678610667557165, \""Tillamook Peaches & Cream Ice Cream (48 oz)\"": 0.5666786636783248, \""Almond Breeze Unsweetened Vanilla Almond Milk (1/2 gal)\"": 0.3148983393392301, \""Hempler's Original Center Cut Bacon (pack)\"": 0.37873603123194516, \""Bag Fee\"": 0.0, \""Bottle Deposit aka CRV\"": 0.0, \""Unknown Item\"": 0.21662024324857534}, \""TILLAMOOK ORIG\"": {\""Asparagus (bunch)\"": 0.1924559813096655, \""Tillamook Mountain Huckleberry Ice Cream (1.5 qt)\"": 0.5354976420991735, \""Tillamook Peaches & Cream Ice Cream (48 oz)\"": 0.5380384569071591, \""Almond Breeze Unsweetened Vanilla Almond Milk (1/2 gal)\"": 0.28784808645479093, \""Hempler's Original Center Cut Bacon (pack)\"": 0.34281937079874225, \""Bag Fee\"": 0.0, \""Bottle Deposit aka CRV\"": 0.0, \""Unknown Item\"": 0.21946747218095142}, \""HEMPLERS BCN REG S\"": {\""Asparagus (bunch)\"": 0.2465957297986246, \""Tillamook Mountain Huckleberry Ice Cream (1.5 qt)\"": 0.23318234966711512, \""Tillamook Peaches & Cream Ice Cream (48 oz)\"": 0.18398060584958548, \""Almond Breeze Unsweetened Vanilla Almond Milk (1/2 gal)\"": 0.2597014995045032, \""Hempler's Original Center Cut Bacon (pack)\"": 0.3133266643445512, \""Bag Fee\"": 0.0, \""Bottle Deposit aka CRV\"": 0.0, \""Unknown Item\"": 0.1998861043225663}, \""ASPARAGUS GREEN\"": {\""Asparagus (bunch)\"": 0.6050587748067486, \""Tillamook Mountain Huckleberry Ice Cream (1.5 qt)\"": 0.22900895713737277, \""Tillamook Peaches & Cream Ice Cream (48 oz)\"": 0.21945377077083122, \""Almond Breeze Unsweetened Vanilla Almond Milk (1/2 gal)\"": 0.2468553574479245, \""Hempler's Original Center Cut Bacon (pack)\"": 0.22860332986915916, \""Bag Fee\"": 0.0, \""Bottle Deposit aka CRV\"": 0.0, \""Unknown Item\"": 0.20757189263467826}, \""RCYCBLE BAG CHARGE\"": {\""Asparagus (bunch)\"": 0.1704431986049141, \""Tillamook Mountain Huckleberry Ice Cream (1.5 qt)\"": 0.1424734380502418, \""Tillamook Peaches & Cream Ice Cream (48 oz)\"": 0.09728329696812056, \""Almond Breeze Unsweetened Vanilla Almond Milk (1/2 gal)\"": 0.12684341520888828, \""Hempler's Original Center Cut Bacon (pack)\"": 0.13548586411777655, \""Bag Fee\"": 0.6045715792171283, \""Bottle Deposit aka CRV\"": 0.40376940743211637, \""Unknown Item\"": 0.1250054834641823}, \""Unknown Item\"": {\""Asparagus (bunch)\"": 0.21512090808855833, \""Tillamook Mountain Huckleberry Ice Cream (1.5 qt)\"": 0.18338647073994926, \""Tillamook Peaches & Cream Ice Cream (48 oz)\"": 0.18525116628520732, \""Almond Breeze Unsweetened Vanilla Almond Milk (1/2 gal)\"": 0.21234816288128172, \""Hempler's Original Center Cut Bacon (pack)\"": 0.2028485179163046, \""Bag Fee\"": 0.30045181350725836, \""Bottle Deposit aka CRV\"": 0.21779990495262982, \""Unknown Item\"": 0.9990009990989842}}""
  },
  {
    ""key"": ""total_amount"",
    ""value"": ""{\""money\"": {\""unit_amount\"": 3282, \""currency\"": \""USD\"", \""display_string\"": \""None32.82\"", \""decimal_places\"": 2, \""sign\"": null, \""symbol\"": null}, \""confidence_score\"": 1.0}""
  },
  {
    ""key"": ""discount_amount"",
    ""value"": ""{\""money\"": {\""unit_amount\"": 0, \""currency\"": \""USD\"", \""display_string\"": \""None0.00\"", \""decimal_places\"": 2, \""sign\"": null, \""symbol\"": null}, \""confidence_score\"": 1.0}""
  },
  {
    ""key"": ""business_id"",
    ""value"": ""697427""
  },
  {
    ""key"": ""subtotal_amount"",
    ""value"": ""{\""money\"": {\""unit_amount\"": 3282, \""currency\"": \""USD\"", \""display_string\"": \""None32.82\"", \""decimal_places\"": 2, \""sign\"": null, \""symbol\"": null}, \""confidence_score\"": 1.0}""
  },
  {
    ""key"": ""tax_confidence_score"",
    ""value"": ""1.0""
  },
  {
    ""key"": ""matched_item_info"",
    ""value"": ""[{\""merchant_supplied_id\"": \""36050096\"", \""display_name\"": \""Almond Breeze Unsweetened Vanilla Almond Milk (1/2 gal)\"", \""ocr_description\"": \""BLUE DIAMOND ALMO\"", \""quantity\"": {\""value\"": 2.0}, \""price_per_unit\"": {\""unit_amount\"": 300, \""currency\"": \""USD\"", \""display_string\"": \""None3.00\"", \""decimal_places\"": 2, \""sign\"": null, \""symbol\"": null}, \""item_price\"": {\""unit_amount\"": 600, \""currency\"": \""USD\"", \""display_string\"": \""None6.00\"", \""decimal_places\"": 2, \""sign\"": null, \""symbol\"": null}, \""non_discount_price_per_unit\"": {\""unit_amount\"": 399, \""currency\"": \""USD\"", \""display_string\"": \""None3.99\"", \""decimal_places\"": 2, \""sign\"": null, \""symbol\"": null}, \""non_discount_item_price\"": {\""unit_amount\"": 798, \""currency\"": \""USD\"", \""display_string\"": \""None7.98\"", \""decimal_places\"": 2, \""sign\"": null, \""symbol\"": null}, \""sold_by_weight\"": false, \""confidence_score\"": 1.0}, {\""merchant_supplied_id\"": \""42010763\"", \""display_name\"": \""Tillamook Mountain Huckleberry Ice Cream (1.5 qt)\"", \""ocr_description\"": \""TILLAMOOK ORIG PRM\"", \""quantity\"": {\""value\"": 1.0}, \""price_per_unit\"": {\""unit_amount\"": 649, \""currency\"": \""USD\"", \""display_string\"": \""None6.49\"", \""decimal_places\"": 2, \""sign\"": null, \""symbol\"": null}, \""item_price\"": {\""unit_amount\"": 649, \""currency\"": \""USD\"", \""display_string\"": \""None6.49\"", \""decimal_places\"": 2, \""sign\"": null, \""symbol\"": null}, \""non_discount_price_per_unit\"": {\""unit_amount\"": 699, \""currency\"": \""USD\"", \""display_string\"": \""None6.99\"", \""decimal_places\"": 2, \""sign\"": null, \""symbol\"": null}, \""non_discount_item_price\"": {\""unit_amount\"": 699, \""currency\"": \""USD\"", \""display_string\"": \""None6.99\"", \""decimal_places\"": 2, \""sign\"": null, \""symbol\"": null}, \""sold_by_weight\"": false, \""confidence_score\"": 1.0}, {\""merchant_supplied_id\"": \""42010807\"", \""display_name\"": \""Tillamook Peaches & Cream Ice Cream (48 oz)\"", \""ocr_description\"": \""TILLAMOOK ORIG\"", \""quantity\"": {\""value\"": 1.0}, \""price_per_unit\"": {\""unit_amount\"": 649, \""currency\"": \""USD\"", \""display_string\"": \""None6.49\"", \""decimal_places\"": 2, \""sign\"": null, \""symbol\"": null}, \""item_price\"": {\""unit_amount\"": 649, \""currency\"": \""USD\"", \""display_string\"": \""None6.49\"", \""decimal_places\"": 2, \""sign\"": null, \""symbol\"": null}, \""non_discount_price_per_unit\"": {\""unit_amount\"": 699, \""currency\"": \""USD\"", \""display_string\"": \""None6.99\"", \""decimal_places\"": 2, \""sign\"": null, \""symbol\"": null}, \""non_discount_item_price\"": {\""unit_amount\"": 699, \""currency\"": \""USD\"", \""display_string\"": \""None6.99\"", \""decimal_places\"": 2, \""sign\"": null, \""symbol\"": null}, \""sold_by_weight\"": false, \""confidence_score\"": 1.0}, {\""merchant_supplied_id\"": \""88560164\"", \""display_name\"": \""Hempler's Original Center Cut Bacon (pack)\"", \""ocr_description\"": \""HEMPLERS BCN REG S\"", \""quantity\"": {\""value\"": 1.0}, \""price_per_unit\"": {\""unit_amount\"": 999, \""currency\"": \""USD\"", \""display_string\"": \""None9.99\"", \""decimal_places\"": 2, \""sign\"": null, \""symbol\"": null}, \""item_price\"": {\""unit_amount\"": 999, \""currency\"": \""USD\"", \""display_string\"": \""None9.99\"", \""decimal_places\"": 2, \""sign\"": null, \""symbol\"": null}, \""non_discount_price_per_unit\"": {\""unit_amount\"": 1099, \""currency\"": \""USD\"", \""display_string\"": \""None10.99\"", \""decimal_places\"": 2, \""sign\"": null, \""symbol\"": null}, \""non_discount_item_price\"": {\""unit_amount\"": 1099, \""currency\"": \""USD\"", \""display_string\"": \""None10.99\"", \""decimal_places\"": 2, \""sign\"": null, \""symbol\"": null}, \""sold_by_weight\"": false, \""confidence_score\"": 1.0}, {\""merchant_supplied_id\"": \""84260002_WI_1LB\"", \""display_name\"": \""Asparagus (bunch)\"", \""ocr_description\"": \""ASPARAGUS GREEN\"", \""quantity\"": {\""value\"": 1.08}, \""price_per_unit\"": {\""unit_amount\"": 349, \""currency\"": \""USD\"", \""display_string\"": \""None3.49\"", \""decimal_places\"": 2, \""sign\"": null, \""symbol\"": null}, \""item_price\"": {\""unit_amount\"": 377, \""currency\"": \""USD\"", \""display_string\"": \""None3.77\"", \""decimal_places\"": 2, \""sign\"": null, \""symbol\"": null}, \""non_discount_price_per_unit\"": {\""unit_amount\"": 0, \""currency\"": \""USD\"", \""display_string\"": \""None0.00\"", \""decimal_places\"": 2, \""sign\"": null, \""symbol\"": null}, \""non_discount_item_price\"": {\""unit_amount\"": 0, \""currency\"": \""USD\"", \""display_string\"": \""None0.00\"", \""decimal_places\"": 2, \""sign\"": null, \""symbol\"": null}, \""sold_by_weight\"": true, \""confidence_score\"": 1.0}]""
  },
  {
    ""key"": ""bag_fee_info"",
    ""value"": ""{\""quantity\"": {\""value\"": 1.0}, \""price_per_unit\"": {\""unit_amount\"": 8, \""currency\"": \""USD\"", \""display_string\"": \""None0.08\"", \""decimal_places\"": 2, \""sign\"": null, \""symbol\"": null}, \""item_price\"": {\""unit_amount\"": 8, \""currency\"": \""USD\"", \""display_string\"": \""None0.08\"", \""decimal_places\"": 2, \""sign\"": null, \""symbol\"": null}, \""confidence_score\"": 1.0}""
  },
  {
    ""key"": ""blink_items_df"",
    ""value"": ""{\""ocr_description\"": {\""0\"": \""BLUE DIAMOND ALMO\"", \""1\"": \""TILLAMOOK ORIG PRM\"", \""2\"": \""TILLAMOOK ORIG\"", \""3\"": \""HEMPLERS BCN REG S\"", \""4\"": \""ASPARAGUS GREEN\"", \""5\"": \""RCYCBLE BAG CHARGE\"", \""6\"": \""discount_cents\"", \""7\"": \""subtotal_cents\"", \""8\"": \""total_tax_cents\"", \""9\"": \""total_cents\""}, \""quantity\"": {\""0\"": 2.0, \""1\"": 1.0, \""2\"": 1.0, \""3\"": 1.0, \""4\"": 1.08, \""5\"": 1.0, \""6\"": NaN, \""7\"": NaN, \""8\"": NaN, \""9\"": NaN}, \""price_per_unit_cents\"": {\""0\"": 300.0, \""1\"": 649.0, \""2\"": 649.0, \""3\"": 999.0, \""4\"": 349.0, \""5\"": 8.0, \""6\"": NaN, \""7\"": NaN, \""8\"": NaN, \""9\"": NaN}, \""item_price_cents\"": {\""0\"": 600, \""1\"": 649, \""2\"": 649, \""3\"": 999, \""4\"": 377, \""5\"": 8, \""6\"": 0, \""7\"": 3282, \""8\"": 0, \""9\"": 3282}}""
  },
  {
    ""key"": ""input_swipe_amount"",
    ""value"": ""3282""
  },
  {
    ""key"": ""is_legible"",
    ""value"": ""true""
  },
  {
    ""key"": ""input_item_info"",
    ""value"": ""[{\""merchant_supplied_id\"": \""84260002_WI_1LB\"", \""display_name\"": \""Asparagus (bunch)\"", \""scanned_barcode\"": null}, {\""merchant_supplied_id\"": \""42010763\"", \""display_name\"": \""Tillamook Mountain Huckleberry Ice Cream (1.5 qt)\"", \""scanned_barcode\"": null}, {\""merchant_supplied_id\"": \""42010807\"", \""display_name\"": \""Tillamook Peaches & Cream Ice Cream (48 oz)\"", \""scanned_barcode\"": null}, {\""merchant_supplied_id\"": \""36050096\"", \""display_name\"": \""Almond Breeze Unsweetened Vanilla Almond Milk (1/2 gal)\"", \""scanned_barcode\"": null}, {\""merchant_supplied_id\"": \""88560164\"", \""display_name\"": \""Hempler's Original Center Cut Bacon (pack)\"", \""scanned_barcode\"": null}]""
  },
  {
    ""key"": ""url"",
    ""value"": ""\""https://img.cdn4dd.com/cdn-cgi/image/format=auto/https://doordash-static.s3.amazonaws.com/media/photosV2/428c82aa-961d-4f62-a37e-9605c0f4b22e-retina-large.jpeg\""""
  },
  {
    ""key"": ""sanity_checks"",
    ""value"": ""{\""swipe_match\"": true, \""subtotal_match\"": true, \""tax_match\"": true, \""items_length_match\"": true, \""ok_ocr_name_deduping\"": true, \""item_price_reasonableness\"": true, \""weights_look_ok\"": true, \""bag_fee_max_price\"": true, \""bottle_fee_max_price\"": true, \""bag_fee_max_count\"": true, \""bottle_fee_max_count\"": true, \""tax_vs_subtotal_sanity_check\"": true, \""has_no_unknown_items\"": true, \""has_no_missing_items\"": true, \""delivery_discounts_are_nonzero\"": true}""
  },
  {
    ""key"": ""bottle_fee_info"",
    ""value"": ""{\""quantity\"": {\""value\"": 0}, \""price_per_unit\"": {\""unit_amount\"": 0, \""currency\"": \""USD\"", \""display_string\"": \""None0.00\"", \""decimal_places\"": 2, \""sign\"": null, \""symbol\"": null}, \""item_price\"": {\""unit_amount\"": 0, \""currency\"": \""USD\"", \""display_string\"": \""None0.00\"", \""decimal_places\"": 2, \""sign\"": null, \""symbol\"": null}, \""confidence_score\"": 1.0}""
  },
  {
    ""key"": ""delivery_uuid"",
    ""value"": ""\""6c2630e1-d325-3001-b0fc-82bf0d121189\""""
  },
  {
    ""key"": ""missing_item_info"",
    ""value"": ""[]""
  },
  {
    ""key"": ""tax_amount"",
    ""value"": ""{\""money\"": {\""unit_amount\"": 0, \""currency\"": \""USD\"", \""display_string\"": \""None0.00\"", \""decimal_places\"": 2, \""sign\"": null, \""symbol\"": null}, \""confidence_score\"": 1.0}""
  },
  {
    ""key"": ""confidence_score"",
    ""value"": ""1.0""
  },
  {
    ""key"": ""raw_blink_receipt"",
    ""value"": ""{\""banner_id\"": 8, \""barcode\"": \""00128705102532409062023\"", \""channel\"": {\""confidence\"": 100, \""value\"": \""Food\""}, \""date\"": {\""confidence\"": 50, \""value\"": \""09/06/2024\""}, \""isDigital\"": false, \""isFraudulent\"": false, \""is_blurry\"": false, \""is_instacart_shopper\"": false, \""is_receipt\"": true, \""is_screen\"": false, \""item_confidence\"": 100, \""merchant_confidence\"": 99, \""merchant_name\"": \""Safeway\"", \""ocr_confidence\"": 97.25306701660156, \""phones\"": [{\""confidence\"": 99.96176147460938, \""value\"": \""360-834-7933\""}], \""products\"": [{\""fullPrice\"": {\""confidence\"": 0, \""value\"": 7.98}, \""infoLines\"": [{\""line\"": 1014, \""text\"": {\""confidence\"": 100, \""value\"": \""Member Savings -1.98\""}, \""type\"": {\""confidence\"": 100, \""value\"": \""Price Cut\""}}], \""line\"": 1013, \""price\"": {\""confidence\"": 100, \""value\"": 3}, \""price_postfix\"": \""S\"", \""qty\"": {\""confidence\"": 0, \""value\"": 2}, \""rpn\"": {\""confidence\"": 96.50765228271484, \""value\"": \""4157005618\""}, \""rsd\"": {\""confidence\"": 96.50765228271484, \""original_case_value\"": \""BLUE DIAMOND ALMO\"", \""value\"": \""BLUE DIAMOND ALMO\""}, \""totalPrice\"": {\""confidence\"": 0, \""value\"": 6}}, {\""fullPrice\"": {\""confidence\"": 0, \""value\"": 6.99}, \""infoLines\"": [{\""line\"": 1016, \""text\"": {\""confidence\"": 100, \""value\"": \""Member Savings -0.50\""}, \""type\"": {\""confidence\"": 100, \""value\"": \""Price Cut\""}}], \""line\"": 1015, \""price\"": {\""confidence\"": 99.77127075195312, \""value\"": 6.49}, \""price_postfix\"": \""S\"", \""qty\"": {\""confidence\"": 0, \""value\"": 1}, \""rpn\"": {\""confidence\"": 99.86611938476562, \""value\"": \""7283008101\""}, \""rsd\"": {\""confidence\"": 99.86611938476562, \""original_case_value\"": \""TILLAMOOK ORIG PRM\"", \""value\"": \""TILLAMOOK ORIG PRM\""}, \""totalPrice\"": {\""confidence\"": 0, \""value\"": 6.49}}, {\""fullPrice\"": {\""confidence\"": 0, \""value\"": 6.99}, \""infoLines\"": [{\""line\"": 1018, \""text\"": {\""confidence\"": 100, \""value\"": \""Member Savings -0.50\""}, \""type\"": {\""confidence\"": 100, \""value\"": \""Price Cut\""}}, {\""line\"": 1019, \""text\"": {\""confidence\"": 100, \""value\"": \""MEAT\""}, \""type\"": {\""confidence\"": 100, \""value\"": \""\""}}], \""line\"": 1017, \""price\"": {\""confidence\"": 99.68643951416016, \""value\"": 6.49}, \""price_postfix\"": \""S\"", \""qty\"": {\""confidence\"": 0, \""value\"": 1}, \""rpn\"": {\""confidence\"": 99.5257797241211, \""value\"": \""7283008125\""}, \""rsd\"": {\""confidence\"": 99.5257797241211, \""original_case_value\"": \""TILLAMOOK ORIG\"", \""value\"": \""TILLAMOOK ORIG\""}, \""totalPrice\"": {\""confidence\"": 0, \""value\"": 6.49}}, {\""fullPrice\"": {\""confidence\"": 0, \""value\"": 10.99}, \""infoLines\"": [{\""line\"": 1021, \""text\"": {\""confidence\"": 100, \""value\"": \""Membar Savtngs -1.00\""}, \""type\"": {\""confidence\"": 100, \""value\"": \""\""}}, {\""line\"": 1022, \""text\"": {\""confidence\"": 100, \""value\"": \""PRODUCE\""}, \""type\"": {\""confidence\"": 100, \""value\"": \""\""}}], \""line\"": 1020, \""price\"": {\""confidence\"": 99.77766418457031, \""value\"": 9.99}, \""price_postfix\"": \""S\"", \""qty\"": {\""confidence\"": 0, \""value\"": 1}, \""rpn\"": {\""confidence\"": 99.77384185791016, \""value\"": \""2183403331\""}, \""rsd\"": {\""confidence\"": 99.77384185791016, \""original_case_value\"": \""HEMPLERS BCN REG S\"", \""value\"": \""HEMPLERS BCN REG S\""}, \""totalPrice\"": {\""confidence\"": 0, \""value\"": 9.99}}, {\""infoLines\"": [{\""line\"": 1024, \""text\"": {\""confidence\"": 100, \""value\"": \""WT 1.08 lb @ $3.49 /lb\""}, \""type\"": {\""confidence\"": 100, \""value\"": \""Weight\""}}, {\""line\"": 1025, \""text\"": {\""confidence\"": 100, \""value\"": \""NISCELLANEOUS\""}, \""type\"": {\""confidence\"": 100, \""value\"": \""\""}}], \""line\"": 1023, \""price\"": {\""confidence\"": 0, \""value\"": 3.49}, \""price_postfix\"": \""S\"", \""qty\"": {\""confidence\"": 0, \""value\"": 1.08}, \""rpn\"": {\""confidence\"": 100, \""value\"": \""89904900212\""}, \""rsd\"": {\""confidence\"": 99.67304992675781, \""original_case_value\"": \""ASPARAGUS GREEN\"", \""value\"": \""ASPARAGUS GREEN\""}, \""totalPrice\"": {\""confidence\"": 0, \""value\"": 3.77}, \""uom\"": {\""confidence\"": 0, \""value\"": \""lb\""}}, {\""line\"": 1026, \""price\"": {\""confidence\"": 100, \""value\"": 0.08}, \""price_postfix\"": \""T\"", \""qty\"": {\""confidence\"": 0, \""value\"": 1}, \""rpn\"": {\""confidence\"": 99.94905090332031, \""value\"": \""22147\""}, \""rsd\"": {\""confidence\"": 99.4272689819336, \""original_case_value\"": \""RCYCBLE BAG CHARGE\"", \""value\"": \""RCYCBLE BAG CHARGE\""}, \""totalPrice\"": {\""confidence\"": 0, \""value\"": 0.08}}], \""purchase_type\"": \""In-Store\"", \""raw_basket\"": \""4157005618 2@ BLUE DIAMOND ALMO 7.98 6.00 S\\nMember Savings -1.98\\n7283008101 TILLAMOOK ORIG PRM 6.99 6.49 S\\nMember Savings -0.50\\n7283008125 TILLAMOOK ORIG 6.99 6.49 S\\nMember Savings -0.50\\nMEAT\\n2183403331 HEMPLERS BCN REG S 10.99 9.99 S\\nMembar Savtngs -1.00\\nPRODUCE\\n89904900212 ASPARAGUS GREEN 3.77 3.77 S\\nWT 1.08 lb @ $3.49 /lb\\nNISCELLANEOUS\\n22147 RCYCBLE BAG CHARGE 0.08 0.08 T\\n\"", \""raw_text_array\"": [\""S FE\\nStore 1287 Dir Laura Owings\\nMain:(360) 834-7933 Rx:(360) 834-6550\\n800 N.E. 3rd\\nCAMAS WA 98607\\n\\n\\n\\n00128705102532409062023\\n--------------------------------------\\nYOUR CASHIER TODAY WAS SELF\\n--------------------------------------\\nREFRIG/FROZEN Price You Pay\\n4157005618 2@ BLUE DIAMOND ALMO 7.98 6.00 S\\nMember Savings -1.98\\n7283008101 TILLAMOOK ORIG PRM 6.99 6.49 S\\nMember Savings -0.50\\n7283008125 TILLAMOOK ORIG 6.99 6.49 S\\nMember Savings -0.50\\nMEAT\\n2183403331 HEMPLERS BCN REG S 10.99 9.99 S\\nMembar Savtngs -1.00\\nPRODUCE\\n89904900212 ASPARAGUS GREEN 3.77 3.77 S\\nWT 1.08 lb @ $3.49 /lb\\nNISCELLANEOUS\\n22147 RCYCBLE BAG CHARGE 0.08 0.08 T\\n\\nTAX 0.01\\nTRX EXEMPTION -0.01\\n**** BALANCE 32.82\\n\\nQR Mobile Pay 32.82\\nCHANGE 0.00\\n\\nYOUR SAVINGS\\nMember Savings 3.98\\nTotal 3.98\\nTotal Savinss Value 11%\\n\\nTOTAL NUMGER OF ITEMS SOLD = 6\\n09/-06/24 20:23 1287 51 253 851\\n\\n\\nDhans Sw for spopeUng Safeuy\\nRgr S rEar FORl4uestions c\\n\""], \""raw_trip_footer\"": \""TAX 0.01\\nTRX EXEMPTION -0.01\\n**** BALANCE 32.82\\nQR Mobile Pay 32.82\\nCHANGE 0.00\\nYOUR SAVINGS\\nMember Savings 3.98\\nTotal 3.98\\nTotal Savinss Value 11%\\nTOTAL NUMGER OF ITEMS SOLD = 6\\n09/-06/24 20:23 1287 51 253 8.51\\nDhans Sw for spopeUng Safeuy\\nRgr S rEar FORl4uestions c\\n\"", \""raw_trip_header\"": \""S FE\\nStore 1287 Dir Laura Owings\\nMain :(360) 834-7933 Rx :(360) 834-6550\\n800 N.E. 3rd\\nCAMAS WA 98607\\n00128705102532409062023\\n--------------------------------------\\nYOUR CASHIER TODAY WAS SELF\\n--------------------------------------\\nREFRIG/FROZEN Price You Pay\\n\"", \""store\"": {\""confidence\"": 99.9620590209961, \""value\"": \""1287\""}, \""store_city\"": {\""confidence\"": 100, \""value\"": \""Camas\""}, \""store_state\"": {\""confidence\"": 100, \""value\"": \""WA\""}, \""store_street\"": {\""confidence\"": 100, \""value\"": \""800 N.E. Third\""}, \""store_zip\"": {\""confidence\"": 100, \""value\"": \""98607\""}, \""subtotal\"": {\""confidence\"": 100, \""value\"": 32.82}, \""taxes\"": {\""confidence\"": 99.73855590820312, \""value\"": 0}, \""time\"": {\""confidence\"": 94.26714324951172, \""value\"": \""20:23\""}, \""total\"": {\""confidence\"": 99.8110122680664, \""value\"": 32.82}, \""trip_confidence\"": 100, \""blink_receipt_id\"": \""5916b5e6-74ce-4b5c-9530-a36c0b7c4cc9\"", \""cashback\"": 0, \""image_urls\"": [\""https://img.cdn4dd.com/cdn-cgi/image/format=auto/https://doordash-static.s3.amazonaws.com/media/photosV2/428c82aa-961d-4f62-a37e-9605c0f4b22e-retina-large.jpeg\""], \""country_code\"": \""US\"", \""api_version\"": 14}""
  }
]"
"[
  {
    ""key"": ""unmatched_item_info"",
    ""value"": ""[]""
  },
  {
    ""key"": ""embedding_matching_df"",
    ""value"": ""{\""HAWN PUNCH LMN\"": {\""Fruit Roll-Ups Fruit Fusion Variety Pack Flavored Snacks (16 ct)\"": 0.16070726110436512, \""T&T G\\u00e2teau au fromage / Cheese Cakes 4 ct (30 g)\"": 0.12895477065650326, \""Cucumber (1 ct)\"": 0.14994166654559524, \""Signature Farms Russet Potatoes Bag (5 lb)\"": 0.0986835179799314, \""Garlic\"": 0.1307005050956913, \""Red Bell Pepper\"": 0.1368553787159097, \""Signature Select Caffeine Free Lemon Lime Soda (67.6 oz)\"": 0.20889329446693713, \""Fresh Cut Pineapple Bowl (24 oz)\"": 0.24892690524586894, \""Hawaiian Punch Lemon Berry Squeeze Drink Bottle (1 gal)\"": 0.30518452886389225, \""Bag Fee\"": 0.0, \""Bottle Deposit aka CRV\"": 0.0, \""Unknown Item\"": 0.20199241233390688}, \""BC FRT ROLLUP/FRT\"": {\""Fruit Roll-Ups Fruit Fusion Variety Pack Flavored Snacks (16 ct)\"": 0.31240013204227335, \""T&T G\\u00e2teau au fromage / Cheese Cakes 4 ct (30 g)\"": 0.24360259295959422, \""Cucumber (1 ct)\"": 0.18939417699826946, \""Signature Farms Russet Potatoes Bag (5 lb)\"": 0.15291015701179742, \""Garlic\"": 0.1004233990324386, \""Red Bell Pepper\"": 0.19925540324844224, \""Signature Select Caffeine Free Lemon Lime Soda (67.6 oz)\"": 0.14022871962729894, \""Fresh Cut Pineapple Bowl (24 oz)\"": 0.18191787936680098, \""Hawaiian Punch Lemon Berry Squeeze Drink Bottle (1 gal)\"": 0.15166898008213128, \""Bag Fee\"": 0.0, \""Bottle Deposit aka CRV\"": 0.0, \""Unknown Item\"": 0.2591440943185944}, \""SIG SODA LEMN LIME\"": {\""Fruit Roll-Ups Fruit Fusion Variety Pack Flavored Snacks (16 ct)\"": 0.23021364601865613, \""T&T G\\u00e2teau au fromage / Cheese Cakes 4 ct (30 g)\"": 0.19691324480115188, \""Cucumber (1 ct)\"": 0.30987201319469976, \""Signature Farms Russet Potatoes Bag (5 lb)\"": 0.170509381003866, \""Garlic\"": 0.25434069778858787, \""Red Bell Pepper\"": 0.20231782720865096, \""Signature Select Caffeine Free Lemon Lime Soda (67.6 oz)\"": 0.6057032957001408, \""Fresh Cut Pineapple Bowl (24 oz)\"": 0.30112057672413217, \""Hawaiian Punch Lemon Berry Squeeze Drink Bottle (1 gal)\"": 0.3928657508868731, \""Bag Fee\"": 0.0, \""Bottle Deposit aka CRV\"": 0.0, \""Unknown Item\"": 0.21688039869951523}, \""CHOICE BEEF STEW\"": {\""Fruit Roll-Ups Fruit Fusion Variety Pack Flavored Snacks (16 ct)\"": 0.15130756556295982, \""T&T G\\u00e2teau au fromage / Cheese Cakes 4 ct (30 g)\"": 0.21853763714900024, \""Cucumber (1 ct)\"": 0.2749329392199399, \""Signature Farms Russet Potatoes Bag (5 lb)\"": 0.27390649086167207, \""Garlic\"": 0.30882375934325007, \""Red Bell Pepper\"": 0.30994442357071056, \""Signature Select Caffeine Free Lemon Lime Soda (67.6 oz)\"": 0.20624552948507904, \""Fresh Cut Pineapple Bowl (24 oz)\"": 0.28130404536566433, \""Hawaiian Punch Lemon Berry Squeeze Drink Bottle (1 gal)\"": 0.193211143198559, \""Bag Fee\"": 0.0, \""Bottle Deposit aka CRV\"": 0.0, \""Unknown Item\"": 0.18223588491223341}, \""POTATOES 5LB BAG\"": {\""Fruit Roll-Ups Fruit Fusion Variety Pack Flavored Snacks (16 ct)\"": 0.2813095209147267, \""T&T G\\u00e2teau au fromage / Cheese Cakes 4 ct (30 g)\"": 0.3046033651091754, \""Cucumber (1 ct)\"": 0.33566716064752655, \""Signature Farms Russet Potatoes Bag (5 lb)\"": 0.7305505029802604, \""Garlic\"": 0.3061982994486746, \""Red Bell Pepper\"": 0.2969616667952068, \""Signature Select Caffeine Free Lemon Lime Soda (67.6 oz)\"": 0.26359379029560936, \""Fresh Cut Pineapple Bowl (24 oz)\"": 0.3306239677962759, \""Hawaiian Punch Lemon Berry Squeeze Drink Bottle (1 gal)\"": 0.3194400218679587, \""Bag Fee\"": 0.0, \""Bottle Deposit aka CRV\"": 0.0, \""Unknown Item\"": 0.20498542662152347}, \""PINEAPPLE BOWL\"": {\""Fruit Roll-Ups Fruit Fusion Variety Pack Flavored Snacks (16 ct)\"": 0.21682041812216965, \""T&T G\\u00e2teau au fromage / Cheese Cakes 4 ct (30 g)\"": 0.16258208729845997, \""Cucumber (1 ct)\"": 0.19667101746400997, \""Signature Farms Russet Potatoes Bag (5 lb)\"": 0.19442034187709015, \""Garlic\"": 0.17857100241650964, \""Red Bell Pepper\"": 0.2522964762253921, \""Signature Select Caffeine Free Lemon Lime Soda (67.6 oz)\"": 0.21740696166518889, \""Fresh Cut Pineapple Bowl (24 oz)\"": 0.6520376355885112, \""Hawaiian Punch Lemon Berry Squeeze Drink Bottle (1 gal)\"": 0.32531767314094745, \""Bag Fee\"": 0.0, \""Bottle Deposit aka CRV\"": 0.0, \""Unknown Item\"": 0.1793579893893853}, \""PROD CUCUMBERS EA\"": {\""Fruit Roll-Ups Fruit Fusion Variety Pack Flavored Snacks (16 ct)\"": 0.27463924071422485, \""T&T G\\u00e2teau au fromage / Cheese Cakes 4 ct (30 g)\"": 0.299071119705589, \""Cucumber (1 ct)\"": 0.5749927492844313, \""Signature Farms Russet Potatoes Bag (5 lb)\"": 0.32632320900004835, \""Garlic\"": 0.29163962814921796, \""Red Bell Pepper\"": 0.31507485953277165, \""Signature Select Caffeine Free Lemon Lime Soda (67.6 oz)\"": 0.2727644761433098, \""Fresh Cut Pineapple Bowl (24 oz)\"": 0.33801511101799486, \""Hawaiian Punch Lemon Berry Squeeze Drink Bottle (1 gal)\"": 0.23671684197603488, \""Bag Fee\"": 0.29632298911955957, \""Bottle Deposit aka CRV\"": 0.2579527777751982, \""Unknown Item\"": 0.19156644331376046}, \""LONG STEM GRLC ONI 0.38\"": {\""Fruit Roll-Ups Fruit Fusion Variety Pack Flavored Snacks (16 ct)\"": 0.1760348633166791, \""T&T G\\u00e2teau au fromage / Cheese Cakes 4 ct (30 g)\"": 0.2094164624131363, \""Cucumber (1 ct)\"": 0.29825894596816266, \""Signature Farms Russet Potatoes Bag (5 lb)\"": 0.15306105501200262, \""Garlic\"": 0.23985365927939103, \""Red Bell Pepper\"": 0.2521078753918551, \""Signature Select Caffeine Free Lemon Lime Soda (67.6 oz)\"": 0.25922500326834375, \""Fresh Cut Pineapple Bowl (24 oz)\"": 0.2833323992893586, \""Hawaiian Punch Lemon Berry Squeeze Drink Bottle (1 gal)\"": 0.26314987123329114, \""Bag Fee\"": 0.0, \""Bottle Deposit aka CRV\"": 0.0, \""Unknown Item\"": 0.2937172883755546}, \""RED BELL PEPPERS\"": {\""Fruit Roll-Ups Fruit Fusion Variety Pack Flavored Snacks (16 ct)\"": 0.24042059249580575, \""T&T G\\u00e2teau au fromage / Cheese Cakes 4 ct (30 g)\"": 0.21938886716521436, \""Cucumber (1 ct)\"": 0.2960046954223719, \""Signature Farms Russet Potatoes Bag (5 lb)\"": 0.26465106664069843, \""Garlic\"": 0.36817472337515544, \""Red Bell Pepper\"": 0.7656232042992434, \""Signature Select Caffeine Free Lemon Lime Soda (67.6 oz)\"": 0.20604420833283937, \""Fresh Cut Pineapple Bowl (24 oz)\"": 0.26328452772549793, \""Hawaiian Punch Lemon Berry Squeeze Drink Bottle (1 gal)\"": 0.24092617852039666, \""Bag Fee\"": 0.0, \""Bottle Deposit aka CRV\"": 0.0, \""Unknown Item\"": 0.16321598187170633}, \""Unknown Item\"": {\""Fruit Roll-Ups Fruit Fusion Variety Pack Flavored Snacks (16 ct)\"": 0.17657047765878595, \""T&T G\\u00e2teau au fromage / Cheese Cakes 4 ct (30 g)\"": 0.17271006544715375, \""Cucumber (1 ct)\"": 0.27097699726498947, \""Signature Farms Russet Potatoes Bag (5 lb)\"": 0.1637976031974573, \""Garlic\"": 0.2003440550772188, \""Red Bell Pepper\"": 0.2119137802816254, \""Signature Select Caffeine Free Lemon Lime Soda (67.6 oz)\"": 0.16582292341722066, \""Fresh Cut Pineapple Bowl (24 oz)\"": 0.1694866625241975, \""Hawaiian Punch Lemon Berry Squeeze Drink Bottle (1 gal)\"": 0.15511037559536106, \""Bag Fee\"": 0.30045181350725836, \""Bottle Deposit aka CRV\"": 0.21779990495262982, \""Unknown Item\"": 0.9990009990989842}}""
  },
  {
    ""key"": ""total_amount"",
    ""value"": ""{\""money\"": {\""unit_amount\"": 3532, \""currency\"": \""USD\"", \""display_string\"": \""None35.32\"", \""decimal_places\"": 2, \""sign\"": null, \""symbol\"": null}, \""confidence_score\"": 1.0}""
  },
  {
    ""key"": ""discount_amount"",
    ""value"": ""{\""money\"": {\""unit_amount\"": 0, \""currency\"": \""USD\"", \""display_string\"": \""None0.00\"", \""decimal_places\"": 2, \""sign\"": null, \""symbol\"": null}, \""confidence_score\"": 1.0}""
  },
  {
    ""key"": ""business_id"",
    ""value"": ""802309""
  },
  {
    ""key"": ""subtotal_amount"",
    ""value"": ""{\""money\"": {\""unit_amount\"": 3532, \""currency\"": \""USD\"", \""display_string\"": \""None35.32\"", \""decimal_places\"": 2, \""sign\"": null, \""symbol\"": null}, \""confidence_score\"": 1.0}""
  },
  {
    ""key"": ""tax_confidence_score"",
    ""value"": ""1.0""
  },
  {
    ""key"": ""matched_item_info"",
    ""value"": ""[{\""merchant_supplied_id\"": \""20020194\"", \""display_name\"": \""Hawaiian Punch Lemon Berry Squeeze Drink Bottle (1 gal)\"", \""ocr_description\"": \""HAWN PUNCH LMN\"", \""quantity\"": {\""value\"": 1.0}, \""price_per_unit\"": {\""unit_amount\"": 399, \""currency\"": \""USD\"", \""display_string\"": \""None3.99\"", \""decimal_places\"": 2, \""sign\"": null, \""symbol\"": null}, \""item_price\"": {\""unit_amount\"": 399, \""currency\"": \""USD\"", \""display_string\"": \""None3.99\"", \""decimal_places\"": 2, \""sign\"": null, \""symbol\"": null}, \""non_discount_price_per_unit\"": {\""unit_amount\"": 0, \""currency\"": \""USD\"", \""display_string\"": \""None0.00\"", \""decimal_places\"": 2, \""sign\"": null, \""symbol\"": null}, \""non_discount_item_price\"": {\""unit_amount\"": 0, \""currency\"": \""USD\"", \""display_string\"": \""None0.00\"", \""decimal_places\"": 2, \""sign\"": null, \""symbol\"": null}, \""sold_by_weight\"": false, \""confidence_score\"": 1.0}, {\""merchant_supplied_id\"": \""11150259_NONWI_16CT\"", \""display_name\"": \""Fruit Roll-Ups Fruit Fusion Variety Pack Flavored Snacks (16 ct)\"", \""ocr_description\"": \""BC FRT ROLLUP/FRT\"", \""quantity\"": {\""value\"": 1.0}, \""price_per_unit\"": {\""unit_amount\"": 749, \""currency\"": \""USD\"", \""display_string\"": \""None7.49\"", \""decimal_places\"": 2, \""sign\"": null, \""symbol\"": null}, \""item_price\"": {\""unit_amount\"": 749, \""currency\"": \""USD\"", \""display_string\"": \""None7.49\"", \""decimal_places\"": 2, \""sign\"": null, \""symbol\"": null}, \""non_discount_price_per_unit\"": {\""unit_amount\"": 0, \""currency\"": \""USD\"", \""display_string\"": \""None0.00\"", \""decimal_places\"": 2, \""sign\"": null, \""symbol\"": null}, \""non_discount_item_price\"": {\""unit_amount\"": 0, \""currency\"": \""USD\"", \""display_string\"": \""None0.00\"", \""decimal_places\"": 2, \""sign\"": null, \""symbol\"": null}, \""sold_by_weight\"": false, \""confidence_score\"": 1.0}, {\""merchant_supplied_id\"": \""8010897\"", \""display_name\"": \""Signature Select Caffeine Free Lemon Lime Soda (67.6 oz)\"", \""ocr_description\"": \""SIG SODA LEMN LIME\"", \""quantity\"": {\""value\"": 1.0}, \""price_per_unit\"": {\""unit_amount\"": 179, \""currency\"": \""USD\"", \""display_string\"": \""None1.79\"", \""decimal_places\"": 2, \""sign\"": null, \""symbol\"": null}, \""item_price\"": {\""unit_amount\"": 179, \""currency\"": \""USD\"", \""display_string\"": \""None1.79\"", \""decimal_places\"": 2, \""sign\"": null, \""symbol\"": null}, \""non_discount_price_per_unit\"": {\""unit_amount\"": 0, \""currency\"": \""USD\"", \""display_string\"": \""None0.00\"", \""decimal_places\"": 2, \""sign\"": null, \""symbol\"": null}, \""non_discount_item_price\"": {\""unit_amount\"": 0, \""currency\"": \""USD\"", \""display_string\"": \""None0.00\"", \""decimal_places\"": 2, \""sign\"": null, \""symbol\"": null}, \""sold_by_weight\"": false, \""confidence_score\"": 1.0}, {\""merchant_supplied_id\"": \""84390060_NONWI_1EA\"", \""display_name\"": \""Garlic\"", \""ocr_description\"": \""CHOICE BEEF STEW\"", \""quantity\"": {\""value\"": 1.0}, \""price_per_unit\"": {\""unit_amount\"": 1023, \""currency\"": \""USD\"", \""display_string\"": \""None10.23\"", \""decimal_places\"": 2, \""sign\"": null, \""symbol\"": null}, \""item_price\"": {\""unit_amount\"": 1023, \""currency\"": \""USD\"", \""display_string\"": \""None10.23\"", \""decimal_places\"": 2, \""sign\"": null, \""symbol\"": null}, \""non_discount_price_per_unit\"": {\""unit_amount\"": 0, \""currency\"": \""USD\"", \""display_string\"": \""None0.00\"", \""decimal_places\"": 2, \""sign\"": null, \""symbol\"": null}, \""non_discount_item_price\"": {\""unit_amount\"": 0, \""currency\"": \""USD\"", \""display_string\"": \""None0.00\"", \""decimal_places\"": 2, \""sign\"": null, \""symbol\"": null}, \""sold_by_weight\"": false, \""confidence_score\"": 1.0}, {\""merchant_supplied_id\"": \""84500217\"", \""display_name\"": \""Signature Farms Russet Potatoes Bag (5 lb)\"", \""ocr_description\"": \""POTATOES 5LB BAG\"", \""quantity\"": {\""value\"": 1.0}, \""price_per_unit\"": {\""unit_amount\"": 299, \""currency\"": \""USD\"", \""display_string\"": \""None2.99\"", \""decimal_places\"": 2, \""sign\"": null, \""symbol\"": null}, \""item_price\"": {\""unit_amount\"": 299, \""currency\"": \""USD\"", \""display_string\"": \""None2.99\"", \""decimal_places\"": 2, \""sign\"": null, \""symbol\"": null}, \""non_discount_price_per_unit\"": {\""unit_amount\"": 0, \""currency\"": \""USD\"", \""display_string\"": \""None0.00\"", \""decimal_places\"": 2, \""sign\"": null, \""symbol\"": null}, \""non_discount_item_price\"": {\""unit_amount\"": 0, \""currency\"": \""USD\"", \""display_string\"": \""None0.00\"", \""decimal_places\"": 2, \""sign\"": null, \""symbol\"": null}, \""sold_by_weight\"": false, \""confidence_score\"": 1.0}, {\""merchant_supplied_id\"": \""84690842_NONWI_1EA\"", \""display_name\"": \""Fresh Cut Pineapple Bowl (24 oz)\"", \""ocr_description\"": \""PINEAPPLE BOWL\"", \""quantity\"": {\""value\"": 1.0}, \""price_per_unit\"": {\""unit_amount\"": 599, \""currency\"": \""USD\"", \""display_string\"": \""None5.99\"", \""decimal_places\"": 2, \""sign\"": null, \""symbol\"": null}, \""item_price\"": {\""unit_amount\"": 599, \""currency\"": \""USD\"", \""display_string\"": \""None5.99\"", \""decimal_places\"": 2, \""sign\"": null, \""symbol\"": null}, \""non_discount_price_per_unit\"": {\""unit_amount\"": 0, \""currency\"": \""USD\"", \""display_string\"": \""None0.00\"", \""decimal_places\"": 2, \""sign\"": null, \""symbol\"": null}, \""non_discount_item_price\"": {\""unit_amount\"": 0, \""currency\"": \""USD\"", \""display_string\"": \""None0.00\"", \""decimal_places\"": 2, \""sign\"": null, \""symbol\"": null}, \""sold_by_weight\"": false, \""confidence_score\"": 1.0}, {\""merchant_supplied_id\"": \""84360021_NONWI_1EA\"", \""display_name\"": \""Cucumber (1 ct)\"", \""ocr_description\"": \""PROD CUCUMBERS EA\"", \""quantity\"": {\""value\"": 1.0}, \""price_per_unit\"": {\""unit_amount\"": 89, \""currency\"": \""USD\"", \""display_string\"": \""None0.89\"", \""decimal_places\"": 2, \""sign\"": null, \""symbol\"": null}, \""item_price\"": {\""unit_amount\"": 89, \""currency\"": \""USD\"", \""display_string\"": \""None0.89\"", \""decimal_places\"": 2, \""sign\"": null, \""symbol\"": null}, \""non_discount_price_per_unit\"": {\""unit_amount\"": 0, \""currency\"": \""USD\"", \""display_string\"": \""None0.00\"", \""decimal_places\"": 2, \""sign\"": null, \""symbol\"": null}, \""non_discount_item_price\"": {\""unit_amount\"": 0, \""currency\"": \""USD\"", \""display_string\"": \""None0.00\"", \""decimal_places\"": 2, \""sign\"": null, \""symbol\"": null}, \""sold_by_weight\"": false, \""confidence_score\"": 1.0}, {\""merchant_supplied_id\"": \""88020299\"", \""display_name\"": \""T&T G\\u00e2teau au fromage / Cheese Cakes 4 ct (30 g)\"", \""ocr_description\"": \""LONG STEM GRLC ONI 0.38\"", \""quantity\"": {\""value\"": 0.12}, \""price_per_unit\"": {\""unit_amount\"": 300, \""currency\"": \""USD\"", \""display_string\"": \""None3.00\"", \""decimal_places\"": 2, \""sign\"": null, \""symbol\"": null}, \""item_price\"": {\""unit_amount\"": 36, \""currency\"": \""USD\"", \""display_string\"": \""None0.36\"", \""decimal_places\"": 2, \""sign\"": null, \""symbol\"": null}, \""non_discount_price_per_unit\"": {\""unit_amount\"": 0, \""currency\"": \""USD\"", \""display_string\"": \""None0.00\"", \""decimal_places\"": 2, \""sign\"": null, \""symbol\"": null}, \""non_discount_item_price\"": {\""unit_amount\"": 0, \""currency\"": \""USD\"", \""display_string\"": \""None0.00\"", \""decimal_places\"": 2, \""sign\"": null, \""symbol\"": null}, \""sold_by_weight\"": true, \""confidence_score\"": 1.0}, {\""merchant_supplied_id\"": \""84480039_NONWI_1EA\"", \""display_name\"": \""Red Bell Pepper\"", \""ocr_description\"": \""RED BELL PEPPERS\"", \""quantity\"": {\""value\"": 1.0}, \""price_per_unit\"": {\""unit_amount\"": 159, \""currency\"": \""USD\"", \""display_string\"": \""None1.59\"", \""decimal_places\"": 2, \""sign\"": null, \""symbol\"": null}, \""item_price\"": {\""unit_amount\"": 159, \""currency\"": \""USD\"", \""display_string\"": \""None1.59\"", \""decimal_places\"": 2, \""sign\"": null, \""symbol\"": null}, \""non_discount_price_per_unit\"": {\""unit_amount\"": 0, \""currency\"": \""USD\"", \""display_string\"": \""None0.00\"", \""decimal_places\"": 2, \""sign\"": null, \""symbol\"": null}, \""non_discount_item_price\"": {\""unit_amount\"": 0, \""currency\"": \""USD\"", \""display_string\"": \""None0.00\"", \""decimal_places\"": 2, \""sign\"": null, \""symbol\"": null}, \""sold_by_weight\"": false, \""confidence_score\"": 1.0}]""
  },
  {
    ""key"": ""bag_fee_info"",
    ""value"": ""{\""quantity\"": {\""value\"": 0}, \""price_per_unit\"": {\""unit_amount\"": 0, \""currency\"": \""USD\"", \""display_string\"": \""None0.00\"", \""decimal_places\"": 2, \""sign\"": null, \""symbol\"": null}, \""item_price\"": {\""unit_amount\"": 0, \""currency\"": \""USD\"", \""display_string\"": \""None0.00\"", \""decimal_places\"": 2, \""sign\"": null, \""symbol\"": null}, \""confidence_score\"": 1.0}""
  },
  {
    ""key"": ""blink_items_df"",
    ""value"": ""{\""ocr_description\"": {\""0\"": \""HAWN PUNCH LMN\"", \""1\"": \""BC FRT ROLLUP/FRT\"", \""2\"": \""SIG SODA LEMN LIME\"", \""3\"": \""CHOICE BEEF STEW\"", \""4\"": \""POTATOES 5LB BAG\"", \""5\"": \""PINEAPPLE BOWL\"", \""6\"": \""PROD CUCUMBERS EA\"", \""7\"": \""LONG STEM GRLC ONI 0.38\"", \""8\"": \""RED BELL PEPPERS\"", \""9\"": \""discount_cents\"", \""10\"": \""subtotal_cents\"", \""11\"": \""total_tax_cents\"", \""12\"": \""total_cents\""}, \""quantity\"": {\""0\"": 1.0, \""1\"": 1.0, \""2\"": 1.0, \""3\"": 1.0, \""4\"": 1.0, \""5\"": 1.0, \""6\"": 1.0, \""7\"": 0.12, \""8\"": 1.0, \""9\"": NaN, \""10\"": NaN, \""11\"": NaN, \""12\"": NaN}, \""price_per_unit_cents\"": {\""0\"": 399.0, \""1\"": 749.0, \""2\"": 179.0, \""3\"": 1023.0, \""4\"": 299.0, \""5\"": 599.0, \""6\"": 89.0, \""7\"": 300.0, \""8\"": 159.0, \""9\"": NaN, \""10\"": NaN, \""11\"": NaN, \""12\"": NaN}, \""item_price_cents\"": {\""0\"": 399, \""1\"": 749, \""2\"": 179, \""3\"": 1023, \""4\"": 299, \""5\"": 599, \""6\"": 89, \""7\"": 36, \""8\"": 159, \""9\"": 0, \""10\"": 3532, \""11\"": 0, \""12\"": 3532}}""
  },
  {
    ""key"": ""input_swipe_amount"",
    ""value"": ""3532""
  },
  {
    ""key"": ""is_legible"",
    ""value"": ""true""
  },
  {
    ""key"": ""input_item_info"",
    ""value"": ""[{\""merchant_supplied_id\"": \""11150259_NONWI_16CT\"", \""display_name\"": \""Fruit Roll-Ups Fruit Fusion Variety Pack Flavored Snacks (16 ct)\"", \""scanned_barcode\"": null}, {\""merchant_supplied_id\"": \""88020299\"", \""display_name\"": \""T&T G\\u00e2teau au fromage / Cheese Cakes 4 ct (30 g)\"", \""scanned_barcode\"": null}, {\""merchant_supplied_id\"": \""84360021_NONWI_1EA\"", \""display_name\"": \""Cucumber (1 ct)\"", \""scanned_barcode\"": null}, {\""merchant_supplied_id\"": \""84500217\"", \""display_name\"": \""Signature Farms Russet Potatoes Bag (5 lb)\"", \""scanned_barcode\"": null}, {\""merchant_supplied_id\"": \""84390060_NONWI_1EA\"", \""display_name\"": \""Garlic\"", \""scanned_barcode\"": null}, {\""merchant_supplied_id\"": \""84480039_NONWI_1EA\"", \""display_name\"": \""Red Bell Pepper\"", \""scanned_barcode\"": null}, {\""merchant_supplied_id\"": \""8010897\"", \""display_name\"": \""Signature Select Caffeine Free Lemon Lime Soda (67.6 oz)\"", \""scanned_barcode\"": null}, {\""merchant_supplied_id\"": \""84690842_NONWI_1EA\"", \""display_name\"": \""Fresh Cut Pineapple Bowl (24 oz)\"", \""scanned_barcode\"": null}, {\""merchant_supplied_id\"": \""20020194\"", \""display_name\"": \""Hawaiian Punch Lemon Berry Squeeze Drink Bottle (1 gal)\"", \""scanned_barcode\"": null}]""
  },
  {
    ""key"": ""url"",
    ""value"": ""\""https://img.cdn4dd.com/cdn-cgi/image/format=auto/https://doordash-static.s3.amazonaws.com/media/photosV2/479c9b0d-bd3e-4197-8ea8-2a690957c1fd-retina-large.jpeg\""""
  },
  {
    ""key"": ""sanity_checks"",
    ""value"": ""{\""swipe_match\"": true, \""subtotal_match\"": true, \""tax_match\"": true, \""items_length_match\"": true, \""ok_ocr_name_deduping\"": true, \""item_price_reasonableness\"": true, \""weights_look_ok\"": true, \""bag_fee_max_price\"": true, \""bottle_fee_max_price\"": true, \""bag_fee_max_count\"": true, \""bottle_fee_max_count\"": true, \""tax_vs_subtotal_sanity_check\"": true, \""has_no_unknown_items\"": true, \""has_no_missing_items\"": true, \""delivery_discounts_are_nonzero\"": true}""
  },
  {
    ""key"": ""bottle_fee_info"",
    ""value"": ""{\""quantity\"": {\""value\"": 0}, \""price_per_unit\"": {\""unit_amount\"": 0, \""currency\"": \""USD\"", \""display_string\"": \""None0.00\"", \""decimal_places\"": 2, \""sign\"": null, \""symbol\"": null}, \""item_price\"": {\""unit_amount\"": 0, \""currency\"": \""USD\"", \""display_string\"": \""None0.00\"", \""decimal_places\"": 2, \""sign\"": null, \""symbol\"": null}, \""confidence_score\"": 1.0}""
  },
  {
    ""key"": ""delivery_uuid"",
    ""value"": ""\""05d2f5d2-7f30-3001-b42a-0ce9cff5d4ec\""""
  },
  {
    ""key"": ""missing_item_info"",
    ""value"": ""[]""
  },
  {
    ""key"": ""tax_amount"",
    ""value"": ""{\""money\"": {\""unit_amount\"": 0, \""currency\"": \""USD\"", \""display_string\"": \""None0.00\"", \""decimal_places\"": 2, \""sign\"": null, \""symbol\"": null}, \""confidence_score\"": 1.0}""
  },
  {
    ""key"": ""confidence_score"",
    ""value"": ""1.0""
  },
  {
    ""key"": ""raw_blink_receipt"",
    ""value"": ""{\""banner_id\"": 7780, \""cashier\"": {\""confidence\"": 99.7783203125, \""value\"": \""1\""}, \""channel\"": {\""confidence\"": 100, \""value\"": \""Food\""}, \""date\"": {\""confidence\"": 99.7783203125, \""value\"": \""09/07/2024\""}, \""isDigital\"": false, \""isFraudulent\"": false, \""is_blurry\"": false, \""is_instacart_shopper\"": false, \""is_receipt\"": true, \""is_screen\"": false, \""item_confidence\"": 100, \""merchant_confidence\"": 100, \""merchant_name\"": \""Randall's Food Markets\"", \""ocr_confidence\"": 93.79905700683594, \""phones\"": [{\""confidence\"": 89.14379119873047, \""value\"": \""512-246-0390\""}], \""products\"": [{\""line\"": 1012, \""price\"": {\""confidence\"": 99.01826477050781, \""value\"": 3.99}, \""price_postfix\"": \""B\"", \""qty\"": {\""confidence\"": 0, \""value\"": 1}, \""rpn\"": {\""confidence\"": 99.01826477050781, \""value\"": \""1480064666\""}, \""rsd\"": {\""confidence\"": 99.01826477050781, \""original_case_value\"": \""HAWN PUNCH LMN\"", \""value\"": \""HAWN PUNCH LMN\""}, \""totalPrice\"": {\""confidence\"": 0, \""value\"": 3.99}}, {\""line\"": 1013, \""price\"": {\""confidence\"": 99.9308853149414, \""value\"": 7.49}, \""price_postfix\"": \""B\"", \""qty\"": {\""confidence\"": 0, \""value\"": 1}, \""rpn\"": {\""confidence\"": 99.9308853149414, \""value\"": \""1600014705\""}, \""rsd\"": {\""confidence\"": 99.9308853149414, \""original_case_value\"": \""BC FRT ROLLUP/FRT\"", \""value\"": \""BC FRT ROLLUP/FRT\""}, \""totalPrice\"": {\""confidence\"": 0, \""value\"": 7.49}}, {\""infoLines\"": [{\""line\"": 1015, \""text\"": {\""confidence\"": 100, \""value\"": \""MEAT\""}, \""type\"": {\""confidence\"": 100, \""value\"": \""\""}}], \""line\"": 1014, \""price\"": {\""confidence\"": 98.40312194824219, \""value\"": 1.79}, \""price_postfix\"": \""B\"", \""qty\"": {\""confidence\"": 0, \""value\"": 1}, \""rpn\"": {\""confidence\"": 98.40312194824219, \""value\"": \""2113025264\""}, \""rsd\"": {\""confidence\"": 98.40312194824219, \""original_case_value\"": \""SIG SODA LEMN LIME\"", \""value\"": \""SIG SODA LEMN LIME\""}, \""totalPrice\"": {\""confidence\"": 0, \""value\"": 1.79}}, {\""infoLines\"": [{\""line\"": 1017, \""text\"": {\""confidence\"": 100, \""value\"": \""PRODUCE\""}, \""type\"": {\""confidence\"": 100, \""value\"": \""\""}}], \""line\"": 1016, \""price\"": {\""confidence\"": 99.7813720703125, \""value\"": 10.23}, \""price_postfix\"": \""S\"", \""qty\"": {\""confidence\"": 0, \""value\"": 1}, \""rpn\"": {\""confidence\"": 99.7813720703125, \""value\"": \""20257000000\""}, \""rsd\"": {\""confidence\"": 99.7813720703125, \""original_case_value\"": \""CHOICE BEEF STEW\"", \""value\"": \""CHOICE BEEF STEW\""}, \""totalPrice\"": {\""confidence\"": 0, \""value\"": 10.23}}, {\""line\"": 1018, \""price\"": {\""confidence\"": 99.88762664794922, \""value\"": 2.99}, \""price_postfix\"": \""S\"", \""qty\"": {\""confidence\"": 0, \""value\"": 1}, \""rpn\"": {\""confidence\"": 99.88762664794922, \""value\"": \""2113053056\""}, \""rsd\"": {\""confidence\"": 99.88762664794922, \""original_case_value\"": \""POTATOES 5LB BAG\"", \""value\"": \""POTATOES 5LB BAG\""}, \""totalPrice\"": {\""confidence\"": 0, \""value\"": 2.99}}, {\""line\"": 1019, \""price\"": {\""confidence\"": 99.97265625, \""value\"": 5.99}, \""price_postfix\"": \""S\"", \""qty\"": {\""confidence\"": 0, \""value\"": 1}, \""rpn\"": {\""confidence\"": 99.97265625, \""value\"": \""24217000000\""}, \""rsd\"": {\""confidence\"": 99.97265625, \""original_case_value\"": \""PINEAPPLE BOWL\"", \""value\"": \""PINEAPPLE BOWL\""}, \""totalPrice\"": {\""confidence\"": 0, \""value\"": 5.99}}, {\""line\"": 1020, \""price\"": {\""confidence\"": 99.98516845703125, \""value\"": 0.89}, \""price_postfix\"": \""S\"", \""qty\"": {\""confidence\"": 0, \""value\"": 1}, \""rpn\"": {\""confidence\"": 99.98516845703125, \""value\"": \""4062\""}, \""rsd\"": {\""confidence\"": 100, \""original_case_value\"": \""CUCUMBERS\"", \""value\"": \""PROD CUCUMBERS EA\""}, \""totalPrice\"": {\""confidence\"": 0, \""value\"": 0.89}}, {\""infoLines\"": [{\""line\"": 1022, \""text\"": {\""confidence\"": 100, \""value\"": \""WT 0.12 lb @ $2.99 /lb\""}, \""type\"": {\""confidence\"": 100, \""value\"": \""Weight\""}}], \""line\"": 1021, \""price\"": {\""confidence\"": 0, \""value\"": 2.99}, \""price_postfix\"": \""S\"", \""qty\"": {\""confidence\"": 0, \""value\"": 0.12}, \""rpn\"": {\""confidence\"": 100, \""value\"": \""4611\""}, \""rsd\"": {\""confidence\"": 98.78666687011719, \""original_case_value\"": \""LONG STEM GRLC ONI 0.38\"", \""value\"": \""LONG STEM GRLC ONI 0.38\""}, \""totalPrice\"": {\""confidence\"": 0, \""value\"": 0.36}, \""uom\"": {\""confidence\"": 0, \""value\"": \""lb\""}}, {\""line\"": 1023, \""price\"": {\""confidence\"": 99.91549682617188, \""value\"": 1.59}, \""price_postfix\"": \""S\"", \""qty\"": {\""confidence\"": 0, \""value\"": 1}, \""rpn\"": {\""confidence\"": 99.91549682617188, \""value\"": \""4688\""}, \""rsd\"": {\""confidence\"": 99.96150970458984, \""original_case_value\"": \""RED BELL PEPPERS\"", \""value\"": \""RED BELL PEPPERS\""}, \""totalPrice\"": {\""confidence\"": 0, \""value\"": 1.59}}], \""purchase_type\"": \""In-Store\"", \""raw_basket\"": \""1480064666 HAWN PUNCH LMN 3.99 3.99B\\n1600014705 BC FRT ROLLUP/FRT 7.49 7.49B\\n2113025264 SIG S0DA LEMN LIME 1.79 1.79B\\nMEAT\\n20257000000 CHOICE BEEF STEW 10.23 10.23 S\\nPRODUCE\\n2113053056 POTATOES 5LB BAG 2.99 2.99 S\\n24217000000 PINEAPPLE BOWL 5.99 5.99 S\\n4062 CUCUMBERS 0.89 0.89 S\\n4611 LONG STEM GRLC ONI 0.38 0.36 S\\nWT 0.12 lb @ $2.99 /lb\\n4688 RED BELL PEPPERS 1.59 1.59 S\\n\"", \""raw_text_array\"": [\""Store Dir Rye,\\nMain:(512) 246-0390 Rx:C s\\n2051 Gatis School W4 6\\nROUND ROCK TX 78664\\n\\n\\n\\n00263600102102409071603\\n-------------------------------------\\nYOUR CASHIER TODAY WAS Kyessa\\n--------------------------------------\\nGROCERY Price You Pw\\n1480064666 HAWN PUNCH LMN 3.99 3.99B\\n1600014705 BC FRT ROLLUP/FRT 7.49 7.49B\\n2113025264 SIG S0DA LEMN LIME 1.79 1.79B\\nMEAT\\n20257000000 CHOICE BEEF STEW 10.23 10.23 S\\nPRODUCE\\n2113053056 POTATOES 5LB BAG 2.99 2.99 S\\n24217000000 PINEAPPLE BOWL 5.99 5.99 S\\n4062 CUCUMBERS 0.89 0.89 S\\n4611 LONG STEM GRLC ONI 0.38 0.36 S\\nWT 0.12 lb @ $2.99 /lb\\n4688 RED BELL PEPPERS 1.59 1.59 S\\n\\nTAX 1.09\\nTAX EXEMPTION -1.09\\n**** BALANCE 35.32\\n\\nQR Mobile Pay 35.32\\nCHANGE 0.00\\nTAX EXEMPT ID: ****************61-1\\n\\n\\n\\nTOTAL NUMBER OF ITEMS SOLD = 9\\n09/07/24 16:03 2636 1 210 5199\\n- -\\nThark you for shopPing Randalls!\\nFor R NDALLS FOR U mUestions Cal1\\n8rT-276-9637 9r 1RardallSiSom/foru\\n\\n\\n\\nKe Preveo* **e s Frso\\nWG G w K s\\n=eee s e wv e\\nW 6 ary A y ___-\\n\""], \""raw_trip_footer\"": \""TAX 1.09\\nTAX EXEMPTION -1.09\\n**** BALANCE 35.32\\nQR Mobile Pay 35.32\\nCHANGE 0.00\\nTAX EXEMPT ID: ****************61-1\\nTOTAL NUMBER OF ITEMS SOLD = 9\\n09/07/24 16:03 2636 1 210 5199\\n- -\\nThark you for shopPing Randalls!\\nFor R NDALLS FOR U mUestions Cal1\\n8rT-276-9637 9r 1RardallSiSom/foru\\nKe Preveo* **e s Frso\\nWG G w K s\\n=eee s e wv e\\nW 6 ary A y ___-\\n\"", \""raw_trip_header\"": \""Store Dir Rye,\\nMain :(512) 246-0390 Rx:C s\\n2051 Gatis School W4 6\\nROUND ROCK TX 78664\\n00263600102102409071603\\n-------------------------------------\\nYOUR CASHIER TODAY WAS Kyessa\\n--------------------------------------\\nGROCERY Price You Pw\\n\"", \""register\"": {\""confidence\"": 99.7783203125, \""value\"": \""210\""}, \""store\"": {\""confidence\"": 99.7783203125, \""value\"": \""2636\""}, \""store_city\"": {\""confidence\"": 100, \""value\"": \""Round Rock\""}, \""store_state\"": {\""confidence\"": 100, \""value\"": \""TX\""}, \""store_street\"": {\""confidence\"": 100, \""value\"": \""2051 Gattis School Rd\""}, \""store_zip\"": {\""confidence\"": 100, \""value\"": \""78664\""}, \""subtotal\"": {\""confidence\"": 100, \""value\"": 35.32}, \""taxes\"": {\""confidence\"": 99.96306610107422, \""value\"": 0}, \""time\"": {\""confidence\"": 99.7783203125, \""value\"": \""16:03\""}, \""total\"": {\""confidence\"": 99.96429443359375, \""value\"": 35.32}, \""transaction\"": {\""confidence\"": 99.7783203125, \""value\"": \""5199\""}, \""trip_confidence\"": 100, \""blink_receipt_id\"": \""c1b72ba5-82f3-42c8-ad7e-6507ccb76d07\"", \""cashback\"": 0, \""image_urls\"": [\""https://img.cdn4dd.com/cdn-cgi/image/format=auto/https://doordash-static.s3.amazonaws.com/media/photosV2/479c9b0d-bd3e-4197-8ea8-2a690957c1fd-retina-large.jpeg\""], \""country_code\"": \""US\"", \""api_version\"": 14}""
  }
]"
"[
  {
    ""key"": ""unmatched_item_info"",
    ""value"": ""[]""
  },
  {
    ""key"": ""embedding_matching_df"",
    ""value"": ""{\""HAWN PUNCH LMN\"": {\""Fruit Roll-Ups Fruit Fusion Variety Pack Flavored Snacks (16 ct)\"": 0.16070726110436512, \""T&T G\\u00e2teau au fromage / Cheese Cakes 4 ct (30 g)\"": 0.12895477065650326, \""Cucumber (1 ct)\"": 0.14994166654559524, \""Signature Farms Russet Potatoes Bag (5 lb)\"": 0.0986835179799314, \""Garlic\"": 0.1307005050956913, \""Red Bell Pepper\"": 0.1368553787159097, \""Signature Select Caffeine Free Lemon Lime Soda (67.6 oz)\"": 0.20889329446693713, \""Fresh Cut Pineapple Bowl (24 oz)\"": 0.24892690524586894, \""Hawaiian Punch Lemon Berry Squeeze Drink Bottle (1 gal)\"": 0.30518452886389225, \""Bag Fee\"": 0.0, \""Bottle Deposit aka CRV\"": 0.0, \""Unknown Item\"": 0.20199241233390688}, \""BC FRT ROLLUP/FRT\"": {\""Fruit Roll-Ups Fruit Fusion Variety Pack Flavored Snacks (16 ct)\"": 0.31240013204227335, \""T&T G\\u00e2teau au fromage / Cheese Cakes 4 ct (30 g)\"": 0.24360259295959422, \""Cucumber (1 ct)\"": 0.18939417699826946, \""Signature Farms Russet Potatoes Bag (5 lb)\"": 0.15291015701179742, \""Garlic\"": 0.1004233990324386, \""Red Bell Pepper\"": 0.19925540324844224, \""Signature Select Caffeine Free Lemon Lime Soda (67.6 oz)\"": 0.14022871962729894, \""Fresh Cut Pineapple Bowl (24 oz)\"": 0.18191787936680098, \""Hawaiian Punch Lemon Berry Squeeze Drink Bottle (1 gal)\"": 0.15166898008213128, \""Bag Fee\"": 0.0, \""Bottle Deposit aka CRV\"": 0.0, \""Unknown Item\"": 0.2591440943185944}, \""SIG SODA LEMN LIME\"": {\""Fruit Roll-Ups Fruit Fusion Variety Pack Flavored Snacks (16 ct)\"": 0.23021364601865613, \""T&T G\\u00e2teau au fromage / Cheese Cakes 4 ct (30 g)\"": 0.19691324480115188, \""Cucumber (1 ct)\"": 0.30987201319469976, \""Signature Farms Russet Potatoes Bag (5 lb)\"": 0.170509381003866, \""Garlic\"": 0.25434069778858787, \""Red Bell Pepper\"": 0.20231782720865096, \""Signature Select Caffeine Free Lemon Lime Soda (67.6 oz)\"": 0.6057032957001408, \""Fresh Cut Pineapple Bowl (24 oz)\"": 0.30112057672413217, \""Hawaiian Punch Lemon Berry Squeeze Drink Bottle (1 gal)\"": 0.3928657508868731, \""Bag Fee\"": 0.0, \""Bottle Deposit aka CRV\"": 0.0, \""Unknown Item\"": 0.21688039869951523}, \""CHOICE BEEF STEW\"": {\""Fruit Roll-Ups Fruit Fusion Variety Pack Flavored Snacks (16 ct)\"": 0.15130756556295982, \""T&T G\\u00e2teau au fromage / Cheese Cakes 4 ct (30 g)\"": 0.21853763714900024, \""Cucumber (1 ct)\"": 0.2749329392199399, \""Signature Farms Russet Potatoes Bag (5 lb)\"": 0.27390649086167207, \""Garlic\"": 0.30882375934325007, \""Red Bell Pepper\"": 0.30994442357071056, \""Signature Select Caffeine Free Lemon Lime Soda (67.6 oz)\"": 0.20624552948507904, \""Fresh Cut Pineapple Bowl (24 oz)\"": 0.28130404536566433, \""Hawaiian Punch Lemon Berry Squeeze Drink Bottle (1 gal)\"": 0.193211143198559, \""Bag Fee\"": 0.0, \""Bottle Deposit aka CRV\"": 0.0, \""Unknown Item\"": 0.18223588491223341}, \""POTATOES 5LB BAG\"": {\""Fruit Roll-Ups Fruit Fusion Variety Pack Flavored Snacks (16 ct)\"": 0.2813095209147267, \""T&T G\\u00e2teau au fromage / Cheese Cakes 4 ct (30 g)\"": 0.3046033651091754, \""Cucumber (1 ct)\"": 0.33566716064752655, \""Signature Farms Russet Potatoes Bag (5 lb)\"": 0.7305505029802604, \""Garlic\"": 0.3061982994486746, \""Red Bell Pepper\"": 0.2969616667952068, \""Signature Select Caffeine Free Lemon Lime Soda (67.6 oz)\"": 0.26359379029560936, \""Fresh Cut Pineapple Bowl (24 oz)\"": 0.3306239677962759, \""Hawaiian Punch Lemon Berry Squeeze Drink Bottle (1 gal)\"": 0.3194400218679587, \""Bag Fee\"": 0.0, \""Bottle Deposit aka CRV\"": 0.0, \""Unknown Item\"": 0.20498542662152347}, \""PINEAPPLE BOWL\"": {\""Fruit Roll-Ups Fruit Fusion Variety Pack Flavored Snacks (16 ct)\"": 0.21682041812216965, \""T&T G\\u00e2teau au fromage / Cheese Cakes 4 ct (30 g)\"": 0.16258208729845997, \""Cucumber (1 ct)\"": 0.19667101746400997, \""Signature Farms Russet Potatoes Bag (5 lb)\"": 0.19442034187709015, \""Garlic\"": 0.17857100241650964, \""Red Bell Pepper\"": 0.2522964762253921, \""Signature Select Caffeine Free Lemon Lime Soda (67.6 oz)\"": 0.21740696166518889, \""Fresh Cut Pineapple Bowl (24 oz)\"": 0.6520376355885112, \""Hawaiian Punch Lemon Berry Squeeze Drink Bottle (1 gal)\"": 0.32531767314094745, \""Bag Fee\"": 0.0, \""Bottle Deposit aka CRV\"": 0.0, \""Unknown Item\"": 0.1793579893893853}, \""PROD CUCUMBERS EA\"": {\""Fruit Roll-Ups Fruit Fusion Variety Pack Flavored Snacks (16 ct)\"": 0.27463924071422485, \""T&T G\\u00e2teau au fromage / Cheese Cakes 4 ct (30 g)\"": 0.299071119705589, \""Cucumber (1 ct)\"": 0.5749927492844313, \""Signature Farms Russet Potatoes Bag (5 lb)\"": 0.32632320900004835, \""Garlic\"": 0.29163962814921796, \""Red Bell Pepper\"": 0.31507485953277165, \""Signature Select Caffeine Free Lemon Lime Soda (67.6 oz)\"": 0.2727644761433098, \""Fresh Cut Pineapple Bowl (24 oz)\"": 0.33801511101799486, \""Hawaiian Punch Lemon Berry Squeeze Drink Bottle (1 gal)\"": 0.23671684197603488, \""Bag Fee\"": 0.29632298911955957, \""Bottle Deposit aka CRV\"": 0.2579527777751982, \""Unknown Item\"": 0.19156644331376046}, \""LONG STEM GRLC ONI 0.38\"": {\""Fruit Roll-Ups Fruit Fusion Variety Pack Flavored Snacks (16 ct)\"": 0.1760348633166791, \""T&T G\\u00e2teau au fromage / Cheese Cakes 4 ct (30 g)\"": 0.2094164624131363, \""Cucumber (1 ct)\"": 0.29825894596816266, \""Signature Farms Russet Potatoes Bag (5 lb)\"": 0.15306105501200262, \""Garlic\"": 0.23985365927939103, \""Red Bell Pepper\"": 0.2521078753918551, \""Signature Select Caffeine Free Lemon Lime Soda (67.6 oz)\"": 0.25922500326834375, \""Fresh Cut Pineapple Bowl (24 oz)\"": 0.2833323992893586, \""Hawaiian Punch Lemon Berry Squeeze Drink Bottle (1 gal)\"": 0.26314987123329114, \""Bag Fee\"": 0.0, \""Bottle Deposit aka CRV\"": 0.0, \""Unknown Item\"": 0.2937172883755546}, \""RED BELL PEPPERS\"": {\""Fruit Roll-Ups Fruit Fusion Variety Pack Flavored Snacks (16 ct)\"": 0.24042059249580575, \""T&T G\\u00e2teau au fromage / Cheese Cakes 4 ct (30 g)\"": 0.21938886716521436, \""Cucumber (1 ct)\"": 0.2960046954223719, \""Signature Farms Russet Potatoes Bag (5 lb)\"": 0.26465106664069843, \""Garlic\"": 0.36817472337515544, \""Red Bell Pepper\"": 0.7656232042992434, \""Signature Select Caffeine Free Lemon Lime Soda (67.6 oz)\"": 0.20604420833283937, \""Fresh Cut Pineapple Bowl (24 oz)\"": 0.26328452772549793, \""Hawaiian Punch Lemon Berry Squeeze Drink Bottle (1 gal)\"": 0.24092617852039666, \""Bag Fee\"": 0.0, \""Bottle Deposit aka CRV\"": 0.0, \""Unknown Item\"": 0.16321598187170633}, \""Unknown Item\"": {\""Fruit Roll-Ups Fruit Fusion Variety Pack Flavored Snacks (16 ct)\"": 0.17657047765878595, \""T&T G\\u00e2teau au fromage / Cheese Cakes 4 ct (30 g)\"": 0.17271006544715375, \""Cucumber (1 ct)\"": 0.27097699726498947, \""Signature Farms Russet Potatoes Bag (5 lb)\"": 0.1637976031974573, \""Garlic\"": 0.2003440550772188, \""Red Bell Pepper\"": 0.2119137802816254, \""Signature Select Caffeine Free Lemon Lime Soda (67.6 oz)\"": 0.16582292341722066, \""Fresh Cut Pineapple Bowl (24 oz)\"": 0.1694866625241975, \""Hawaiian Punch Lemon Berry Squeeze Drink Bottle (1 gal)\"": 0.15511037559536106, \""Bag Fee\"": 0.30045181350725836, \""Bottle Deposit aka CRV\"": 0.21779990495262982, \""Unknown Item\"": 0.9990009990989842}}""
  },
  {
    ""key"": ""total_amount"",
    ""value"": ""{\""money\"": {\""unit_amount\"": 3532, \""currency\"": \""USD\"", \""display_string\"": \""None35.32\"", \""decimal_places\"": 2, \""sign\"": null, \""symbol\"": null}, \""confidence_score\"": 1.0}""
  },
  {
    ""key"": ""discount_amount"",
    ""value"": ""{\""money\"": {\""unit_amount\"": 0, \""currency\"": \""USD\"", \""display_string\"": \""None0.00\"", \""decimal_places\"": 2, \""sign\"": null, \""symbol\"": null}, \""confidence_score\"": 1.0}""
  },
  {
    ""key"": ""business_id"",
    ""value"": ""802309""
  },
  {
    ""key"": ""subtotal_amount"",
    ""value"": ""{\""money\"": {\""unit_amount\"": 3532, \""currency\"": \""USD\"", \""display_string\"": \""None35.32\"", \""decimal_places\"": 2, \""sign\"": null, \""symbol\"": null}, \""confidence_score\"": 1.0}""
  },
  {
    ""key"": ""tax_confidence_score"",
    ""value"": ""1.0""
  },
  {
    ""key"": ""matched_item_info"",
    ""value"": ""[{\""merchant_supplied_id\"": \""20020194\"", \""display_name\"": \""Hawaiian Punch Lemon Berry Squeeze Drink Bottle (1 gal)\"", \""ocr_description\"": \""HAWN PUNCH LMN\"", \""quantity\"": {\""value\"": 1.0}, \""price_per_unit\"": {\""unit_amount\"": 399, \""currency\"": \""USD\"", \""display_string\"": \""None3.99\"", \""decimal_places\"": 2, \""sign\"": null, \""symbol\"": null}, \""item_price\"": {\""unit_amount\"": 399, \""currency\"": \""USD\"", \""display_string\"": \""None3.99\"", \""decimal_places\"": 2, \""sign\"": null, \""symbol\"": null}, \""non_discount_price_per_unit\"": {\""unit_amount\"": 0, \""currency\"": \""USD\"", \""display_string\"": \""None0.00\"", \""decimal_places\"": 2, \""sign\"": null, \""symbol\"": null}, \""non_discount_item_price\"": {\""unit_amount\"": 0, \""currency\"": \""USD\"", \""display_string\"": \""None0.00\"", \""decimal_places\"": 2, \""sign\"": null, \""symbol\"": null}, \""sold_by_weight\"": false, \""confidence_score\"": 1.0}, {\""merchant_supplied_id\"": \""11150259_NONWI_16CT\"", \""display_name\"": \""Fruit Roll-Ups Fruit Fusion Variety Pack Flavored Snacks (16 ct)\"", \""ocr_description\"": \""BC FRT ROLLUP/FRT\"", \""quantity\"": {\""value\"": 1.0}, \""price_per_unit\"": {\""unit_amount\"": 749, \""currency\"": \""USD\"", \""display_string\"": \""None7.49\"", \""decimal_places\"": 2, \""sign\"": null, \""symbol\"": null}, \""item_price\"": {\""unit_amount\"": 749, \""currency\"": \""USD\"", \""display_string\"": \""None7.49\"", \""decimal_places\"": 2, \""sign\"": null, \""symbol\"": null}, \""non_discount_price_per_unit\"": {\""unit_amount\"": 0, \""currency\"": \""USD\"", \""display_string\"": \""None0.00\"", \""decimal_places\"": 2, \""sign\"": null, \""symbol\"": null}, \""non_discount_item_price\"": {\""unit_amount\"": 0, \""currency\"": \""USD\"", \""display_string\"": \""None0.00\"", \""decimal_places\"": 2, \""sign\"": null, \""symbol\"": null}, \""sold_by_weight\"": false, \""confidence_score\"": 1.0}, {\""merchant_supplied_id\"": \""8010897\"", \""display_name\"": \""Signature Select Caffeine Free Lemon Lime Soda (67.6 oz)\"", \""ocr_description\"": \""SIG SODA LEMN LIME\"", \""quantity\"": {\""value\"": 1.0}, \""price_per_unit\"": {\""unit_amount\"": 179, \""currency\"": \""USD\"", \""display_string\"": \""None1.79\"", \""decimal_places\"": 2, \""sign\"": null, \""symbol\"": null}, \""item_price\"": {\""unit_amount\"": 179, \""currency\"": \""USD\"", \""display_string\"": \""None1.79\"", \""decimal_places\"": 2, \""sign\"": null, \""symbol\"": null}, \""non_discount_price_per_unit\"": {\""unit_amount\"": 0, \""currency\"": \""USD\"", \""display_string\"": \""None0.00\"", \""decimal_places\"": 2, \""sign\"": null, \""symbol\"": null}, \""non_discount_item_price\"": {\""unit_amount\"": 0, \""currency\"": \""USD\"", \""display_string\"": \""None0.00\"", \""decimal_places\"": 2, \""sign\"": null, \""symbol\"": null}, \""sold_by_weight\"": false, \""confidence_score\"": 1.0}, {\""merchant_supplied_id\"": \""84390060_NONWI_1EA\"", \""display_name\"": \""Garlic\"", \""ocr_description\"": \""CHOICE BEEF STEW\"", \""quantity\"": {\""value\"": 1.0}, \""price_per_unit\"": {\""unit_amount\"": 1023, \""currency\"": \""USD\"", \""display_string\"": \""None10.23\"", \""decimal_places\"": 2, \""sign\"": null, \""symbol\"": null}, \""item_price\"": {\""unit_amount\"": 1023, \""currency\"": \""USD\"", \""display_string\"": \""None10.23\"", \""decimal_places\"": 2, \""sign\"": null, \""symbol\"": null}, \""non_discount_price_per_unit\"": {\""unit_amount\"": 0, \""currency\"": \""USD\"", \""display_string\"": \""None0.00\"", \""decimal_places\"": 2, \""sign\"": null, \""symbol\"": null}, \""non_discount_item_price\"": {\""unit_amount\"": 0, \""currency\"": \""USD\"", \""display_string\"": \""None0.00\"", \""decimal_places\"": 2, \""sign\"": null, \""symbol\"": null}, \""sold_by_weight\"": false, \""confidence_score\"": 1.0}, {\""merchant_supplied_id\"": \""84500217\"", \""display_name\"": \""Signature Farms Russet Potatoes Bag (5 lb)\"", \""ocr_description\"": \""POTATOES 5LB BAG\"", \""quantity\"": {\""value\"": 1.0}, \""price_per_unit\"": {\""unit_amount\"": 299, \""currency\"": \""USD\"", \""display_string\"": \""None2.99\"", \""decimal_places\"": 2, \""sign\"": null, \""symbol\"": null}, \""item_price\"": {\""unit_amount\"": 299, \""currency\"": \""USD\"", \""display_string\"": \""None2.99\"", \""decimal_places\"": 2, \""sign\"": null, \""symbol\"": null}, \""non_discount_price_per_unit\"": {\""unit_amount\"": 0, \""currency\"": \""USD\"", \""display_string\"": \""None0.00\"", \""decimal_places\"": 2, \""sign\"": null, \""symbol\"": null}, \""non_discount_item_price\"": {\""unit_amount\"": 0, \""currency\"": \""USD\"", \""display_string\"": \""None0.00\"", \""decimal_places\"": 2, \""sign\"": null, \""symbol\"": null}, \""sold_by_weight\"": false, \""confidence_score\"": 1.0}, {\""merchant_supplied_id\"": \""84690842_NONWI_1EA\"", \""display_name\"": \""Fresh Cut Pineapple Bowl (24 oz)\"", \""ocr_description\"": \""PINEAPPLE BOWL\"", \""quantity\"": {\""value\"": 1.0}, \""price_per_unit\"": {\""unit_amount\"": 599, \""currency\"": \""USD\"", \""display_string\"": \""None5.99\"", \""decimal_places\"": 2, \""sign\"": null, \""symbol\"": null}, \""item_price\"": {\""unit_amount\"": 599, \""currency\"": \""USD\"", \""display_string\"": \""None5.99\"", \""decimal_places\"": 2, \""sign\"": null, \""symbol\"": null}, \""non_discount_price_per_unit\"": {\""unit_amount\"": 0, \""currency\"": \""USD\"", \""display_string\"": \""None0.00\"", \""decimal_places\"": 2, \""sign\"": null, \""symbol\"": null}, \""non_discount_item_price\"": {\""unit_amount\"": 0, \""currency\"": \""USD\"", \""display_string\"": \""None0.00\"", \""decimal_places\"": 2, \""sign\"": null, \""symbol\"": null}, \""sold_by_weight\"": false, \""confidence_score\"": 1.0}, {\""merchant_supplied_id\"": \""84360021_NONWI_1EA\"", \""display_name\"": \""Cucumber (1 ct)\"", \""ocr_description\"": \""PROD CUCUMBERS EA\"", \""quantity\"": {\""value\"": 1.0}, \""price_per_unit\"": {\""unit_amount\"": 89, \""currency\"": \""USD\"", \""display_string\"": \""None0.89\"", \""decimal_places\"": 2, \""sign\"": null, \""symbol\"": null}, \""item_price\"": {\""unit_amount\"": 89, \""currency\"": \""USD\"", \""display_string\"": \""None0.89\"", \""decimal_places\"": 2, \""sign\"": null, \""symbol\"": null}, \""non_discount_price_per_unit\"": {\""unit_amount\"": 0, \""currency\"": \""USD\"", \""display_string\"": \""None0.00\"", \""decimal_places\"": 2, \""sign\"": null, \""symbol\"": null}, \""non_discount_item_price\"": {\""unit_amount\"": 0, \""currency\"": \""USD\"", \""display_string\"": \""None0.00\"", \""decimal_places\"": 2, \""sign\"": null, \""symbol\"": null}, \""sold_by_weight\"": false, \""confidence_score\"": 1.0}, {\""merchant_supplied_id\"": \""88020299\"", \""display_name\"": \""T&T G\\u00e2teau au fromage / Cheese Cakes 4 ct (30 g)\"", \""ocr_description\"": \""LONG STEM GRLC ONI 0.38\"", \""quantity\"": {\""value\"": 0.12}, \""price_per_unit\"": {\""unit_amount\"": 300, \""currency\"": \""USD\"", \""display_string\"": \""None3.00\"", \""decimal_places\"": 2, \""sign\"": null, \""symbol\"": null}, \""item_price\"": {\""unit_amount\"": 36, \""currency\"": \""USD\"", \""display_string\"": \""None0.36\"", \""decimal_places\"": 2, \""sign\"": null, \""symbol\"": null}, \""non_discount_price_per_unit\"": {\""unit_amount\"": 0, \""currency\"": \""USD\"", \""display_string\"": \""None0.00\"", \""decimal_places\"": 2, \""sign\"": null, \""symbol\"": null}, \""non_discount_item_price\"": {\""unit_amount\"": 0, \""currency\"": \""USD\"", \""display_string\"": \""None0.00\"", \""decimal_places\"": 2, \""sign\"": null, \""symbol\"": null}, \""sold_by_weight\"": true, \""confidence_score\"": 1.0}, {\""merchant_supplied_id\"": \""84480039_NONWI_1EA\"", \""display_name\"": \""Red Bell Pepper\"", \""ocr_description\"": \""RED BELL PEPPERS\"", \""quantity\"": {\""value\"": 1.0}, \""price_per_unit\"": {\""unit_amount\"": 159, \""currency\"": \""USD\"", \""display_string\"": \""None1.59\"", \""decimal_places\"": 2, \""sign\"": null, \""symbol\"": null}, \""item_price\"": {\""unit_amount\"": 159, \""currency\"": \""USD\"", \""display_string\"": \""None1.59\"", \""decimal_places\"": 2, \""sign\"": null, \""symbol\"": null}, \""non_discount_price_per_unit\"": {\""unit_amount\"": 0, \""currency\"": \""USD\"", \""display_string\"": \""None0.00\"", \""decimal_places\"": 2, \""sign\"": null, \""symbol\"": null}, \""non_discount_item_price\"": {\""unit_amount\"": 0, \""currency\"": \""USD\"", \""display_string\"": \""None0.00\"", \""decimal_places\"": 2, \""sign\"": null, \""symbol\"": null}, \""sold_by_weight\"": false, \""confidence_score\"": 1.0}]""
  },
  {
    ""key"": ""bag_fee_info"",
    ""value"": ""{\""quantity\"": {\""value\"": 0}, \""price_per_unit\"": {\""unit_amount\"": 0, \""currency\"": \""USD\"", \""display_string\"": \""None0.00\"", \""decimal_places\"": 2, \""sign\"": null, \""symbol\"": null}, \""item_price\"": {\""unit_amount\"": 0, \""currency\"": \""USD\"", \""display_string\"": \""None0.00\"", \""decimal_places\"": 2, \""sign\"": null, \""symbol\"": null}, \""confidence_score\"": 1.0}""
  },
  {
    ""key"": ""blink_items_df"",
    ""value"": ""{\""ocr_description\"": {\""0\"": \""HAWN PUNCH LMN\"", \""1\"": \""BC FRT ROLLUP/FRT\"", \""2\"": \""SIG SODA LEMN LIME\"", \""3\"": \""CHOICE BEEF STEW\"", \""4\"": \""POTATOES 5LB BAG\"", \""5\"": \""PINEAPPLE BOWL\"", \""6\"": \""PROD CUCUMBERS EA\"", \""7\"": \""LONG STEM GRLC ONI 0.38\"", \""8\"": \""RED BELL PEPPERS\"", \""9\"": \""discount_cents\"", \""10\"": \""subtotal_cents\"", \""11\"": \""total_tax_cents\"", \""12\"": \""total_cents\""}, \""quantity\"": {\""0\"": 1.0, \""1\"": 1.0, \""2\"": 1.0, \""3\"": 1.0, \""4\"": 1.0, \""5\"": 1.0, \""6\"": 1.0, \""7\"": 0.12, \""8\"": 1.0, \""9\"": NaN, \""10\"": NaN, \""11\"": NaN, \""12\"": NaN}, \""price_per_unit_cents\"": {\""0\"": 399.0, \""1\"": 749.0, \""2\"": 179.0, \""3\"": 1023.0, \""4\"": 299.0, \""5\"": 599.0, \""6\"": 89.0, \""7\"": 300.0, \""8\"": 159.0, \""9\"": NaN, \""10\"": NaN, \""11\"": NaN, \""12\"": NaN}, \""item_price_cents\"": {\""0\"": 399, \""1\"": 749, \""2\"": 179, \""3\"": 1023, \""4\"": 299, \""5\"": 599, \""6\"": 89, \""7\"": 36, \""8\"": 159, \""9\"": 0, \""10\"": 3532, \""11\"": 0, \""12\"": 3532}}""
  },
  {
    ""key"": ""input_swipe_amount"",
    ""value"": ""3532""
  },
  {
    ""key"": ""is_legible"",
    ""value"": ""true""
  },
  {
    ""key"": ""input_item_info"",
    ""value"": ""[{\""merchant_supplied_id\"": \""11150259_NONWI_16CT\"", \""display_name\"": \""Fruit Roll-Ups Fruit Fusion Variety Pack Flavored Snacks (16 ct)\"", \""scanned_barcode\"": null}, {\""merchant_supplied_id\"": \""88020299\"", \""display_name\"": \""T&T G\\u00e2teau au fromage / Cheese Cakes 4 ct (30 g)\"", \""scanned_barcode\"": null}, {\""merchant_supplied_id\"": \""84360021_NONWI_1EA\"", \""display_name\"": \""Cucumber (1 ct)\"", \""scanned_barcode\"": null}, {\""merchant_supplied_id\"": \""84500217\"", \""display_name\"": \""Signature Farms Russet Potatoes Bag (5 lb)\"", \""scanned_barcode\"": null}, {\""merchant_supplied_id\"": \""84390060_NONWI_1EA\"", \""display_name\"": \""Garlic\"", \""scanned_barcode\"": null}, {\""merchant_supplied_id\"": \""84480039_NONWI_1EA\"", \""display_name\"": \""Red Bell Pepper\"", \""scanned_barcode\"": null}, {\""merchant_supplied_id\"": \""8010897\"", \""display_name\"": \""Signature Select Caffeine Free Lemon Lime Soda (67.6 oz)\"", \""scanned_barcode\"": null}, {\""merchant_supplied_id\"": \""84690842_NONWI_1EA\"", \""display_name\"": \""Fresh Cut Pineapple Bowl (24 oz)\"", \""scanned_barcode\"": null}, {\""merchant_supplied_id\"": \""20020194\"", \""display_name\"": \""Hawaiian Punch Lemon Berry Squeeze Drink Bottle (1 gal)\"", \""scanned_barcode\"": null}]""
  },
  {
    ""key"": ""url"",
    ""value"": ""\""https://img.cdn4dd.com/cdn-cgi/image/format=auto/https://doordash-static.s3.amazonaws.com/media/photosV2/479c9b0d-bd3e-4197-8ea8-2a690957c1fd-retina-large.jpeg\""""
  },
  {
    ""key"": ""sanity_checks"",
    ""value"": ""{\""swipe_match\"": true, \""subtotal_match\"": true, \""tax_match\"": true, \""items_length_match\"": true, \""ok_ocr_name_deduping\"": true, \""item_price_reasonableness\"": true, \""weights_look_ok\"": true, \""bag_fee_max_price\"": true, \""bottle_fee_max_price\"": true, \""bag_fee_max_count\"": true, \""bottle_fee_max_count\"": true, \""tax_vs_subtotal_sanity_check\"": true, \""has_no_unknown_items\"": true, \""has_no_missing_items\"": true, \""delivery_discounts_are_nonzero\"": true}""
  },
  {
    ""key"": ""bottle_fee_info"",
    ""value"": ""{\""quantity\"": {\""value\"": 0}, \""price_per_unit\"": {\""unit_amount\"": 0, \""currency\"": \""USD\"", \""display_string\"": \""None0.00\"", \""decimal_places\"": 2, \""sign\"": null, \""symbol\"": null}, \""item_price\"": {\""unit_amount\"": 0, \""currency\"": \""USD\"", \""display_string\"": \""None0.00\"", \""decimal_places\"": 2, \""sign\"": null, \""symbol\"": null}, \""confidence_score\"": 1.0}""
  },
  {
    ""key"": ""delivery_uuid"",
    ""value"": ""\""05d2f5d2-7f30-3001-b42a-0ce9cff5d4ec\""""
  },
  {
    ""key"": ""missing_item_info"",
    ""value"": ""[]""
  },
  {
    ""key"": ""tax_amount"",
    ""value"": ""{\""money\"": {\""unit_amount\"": 0, \""currency\"": \""USD\"", \""display_string\"": \""None0.00\"", \""decimal_places\"": 2, \""sign\"": null, \""symbol\"": null}, \""confidence_score\"": 1.0}""
  },
  {
    ""key"": ""confidence_score"",
    ""value"": ""1.0""
  },
  {
    ""key"": ""raw_blink_receipt"",
    ""value"": ""{\""banner_id\"": 7780, \""cashier\"": {\""confidence\"": 99.7783203125, \""value\"": \""1\""}, \""channel\"": {\""confidence\"": 100, \""value\"": \""Food\""}, \""date\"": {\""confidence\"": 99.7783203125, \""value\"": \""09/07/2024\""}, \""isDigital\"": false, \""isFraudulent\"": false, \""is_blurry\"": false, \""is_instacart_shopper\"": false, \""is_receipt\"": true, \""is_screen\"": false, \""item_confidence\"": 100, \""merchant_confidence\"": 100, \""merchant_name\"": \""Randall's Food Markets\"", \""ocr_confidence\"": 93.79905700683594, \""phones\"": [{\""confidence\"": 89.14379119873047, \""value\"": \""512-246-0390\""}], \""products\"": [{\""line\"": 1012, \""price\"": {\""confidence\"": 99.01826477050781, \""value\"": 3.99}, \""price_postfix\"": \""B\"", \""qty\"": {\""confidence\"": 0, \""value\"": 1}, \""rpn\"": {\""confidence\"": 99.01826477050781, \""value\"": \""1480064666\""}, \""rsd\"": {\""confidence\"": 99.01826477050781, \""original_case_value\"": \""HAWN PUNCH LMN\"", \""value\"": \""HAWN PUNCH LMN\""}, \""totalPrice\"": {\""confidence\"": 0, \""value\"": 3.99}}, {\""line\"": 1013, \""price\"": {\""confidence\"": 99.9308853149414, \""value\"": 7.49}, \""price_postfix\"": \""B\"", \""qty\"": {\""confidence\"": 0, \""value\"": 1}, \""rpn\"": {\""confidence\"": 99.9308853149414, \""value\"": \""1600014705\""}, \""rsd\"": {\""confidence\"": 99.9308853149414, \""original_case_value\"": \""BC FRT ROLLUP/FRT\"", \""value\"": \""BC FRT ROLLUP/FRT\""}, \""totalPrice\"": {\""confidence\"": 0, \""value\"": 7.49}}, {\""infoLines\"": [{\""line\"": 1015, \""text\"": {\""confidence\"": 100, \""value\"": \""MEAT\""}, \""type\"": {\""confidence\"": 100, \""value\"": \""\""}}], \""line\"": 1014, \""price\"": {\""confidence\"": 98.40312194824219, \""value\"": 1.79}, \""price_postfix\"": \""B\"", \""qty\"": {\""confidence\"": 0, \""value\"": 1}, \""rpn\"": {\""confidence\"": 98.40312194824219, \""value\"": \""2113025264\""}, \""rsd\"": {\""confidence\"": 98.40312194824219, \""original_case_value\"": \""SIG SODA LEMN LIME\"", \""value\"": \""SIG SODA LEMN LIME\""}, \""totalPrice\"": {\""confidence\"": 0, \""value\"": 1.79}}, {\""infoLines\"": [{\""line\"": 1017, \""text\"": {\""confidence\"": 100, \""value\"": \""PRODUCE\""}, \""type\"": {\""confidence\"": 100, \""value\"": \""\""}}], \""line\"": 1016, \""price\"": {\""confidence\"": 99.7813720703125, \""value\"": 10.23}, \""price_postfix\"": \""S\"", \""qty\"": {\""confidence\"": 0, \""value\"": 1}, \""rpn\"": {\""confidence\"": 99.7813720703125, \""value\"": \""20257000000\""}, \""rsd\"": {\""confidence\"": 99.7813720703125, \""original_case_value\"": \""CHOICE BEEF STEW\"", \""value\"": \""CHOICE BEEF STEW\""}, \""totalPrice\"": {\""confidence\"": 0, \""value\"": 10.23}}, {\""line\"": 1018, \""price\"": {\""confidence\"": 99.88762664794922, \""value\"": 2.99}, \""price_postfix\"": \""S\"", \""qty\"": {\""confidence\"": 0, \""value\"": 1}, \""rpn\"": {\""confidence\"": 99.88762664794922, \""value\"": \""2113053056\""}, \""rsd\"": {\""confidence\"": 99.88762664794922, \""original_case_value\"": \""POTATOES 5LB BAG\"", \""value\"": \""POTATOES 5LB BAG\""}, \""totalPrice\"": {\""confidence\"": 0, \""value\"": 2.99}}, {\""line\"": 1019, \""price\"": {\""confidence\"": 99.97265625, \""value\"": 5.99}, \""price_postfix\"": \""S\"", \""qty\"": {\""confidence\"": 0, \""value\"": 1}, \""rpn\"": {\""confidence\"": 99.97265625, \""value\"": \""24217000000\""}, \""rsd\"": {\""confidence\"": 99.97265625, \""original_case_value\"": \""PINEAPPLE BOWL\"", \""value\"": \""PINEAPPLE BOWL\""}, \""totalPrice\"": {\""confidence\"": 0, \""value\"": 5.99}}, {\""line\"": 1020, \""price\"": {\""confidence\"": 99.98516845703125, \""value\"": 0.89}, \""price_postfix\"": \""S\"", \""qty\"": {\""confidence\"": 0, \""value\"": 1}, \""rpn\"": {\""confidence\"": 99.98516845703125, \""value\"": \""4062\""}, \""rsd\"": {\""confidence\"": 100, \""original_case_value\"": \""CUCUMBERS\"", \""value\"": \""PROD CUCUMBERS EA\""}, \""totalPrice\"": {\""confidence\"": 0, \""value\"": 0.89}}, {\""infoLines\"": [{\""line\"": 1022, \""text\"": {\""confidence\"": 100, \""value\"": \""WT 0.12 lb @ $2.99 /lb\""}, \""type\"": {\""confidence\"": 100, \""value\"": \""Weight\""}}], \""line\"": 1021, \""price\"": {\""confidence\"": 0, \""value\"": 2.99}, \""price_postfix\"": \""S\"", \""qty\"": {\""confidence\"": 0, \""value\"": 0.12}, \""rpn\"": {\""confidence\"": 100, \""value\"": \""4611\""}, \""rsd\"": {\""confidence\"": 98.78666687011719, \""original_case_value\"": \""LONG STEM GRLC ONI 0.38\"", \""value\"": \""LONG STEM GRLC ONI 0.38\""}, \""totalPrice\"": {\""confidence\"": 0, \""value\"": 0.36}, \""uom\"": {\""confidence\"": 0, \""value\"": \""lb\""}}, {\""line\"": 1023, \""price\"": {\""confidence\"": 99.91549682617188, \""value\"": 1.59}, \""price_postfix\"": \""S\"", \""qty\"": {\""confidence\"": 0, \""value\"": 1}, \""rpn\"": {\""confidence\"": 99.91549682617188, \""value\"": \""4688\""}, \""rsd\"": {\""confidence\"": 99.96150970458984, \""original_case_value\"": \""RED BELL PEPPERS\"", \""value\"": \""RED BELL PEPPERS\""}, \""totalPrice\"": {\""confidence\"": 0, \""value\"": 1.59}}], \""purchase_type\"": \""In-Store\"", \""raw_basket\"": \""1480064666 HAWN PUNCH LMN 3.99 3.99B\\n1600014705 BC FRT ROLLUP/FRT 7.49 7.49B\\n2113025264 SIG S0DA LEMN LIME 1.79 1.79B\\nMEAT\\n20257000000 CHOICE BEEF STEW 10.23 10.23 S\\nPRODUCE\\n2113053056 POTATOES 5LB BAG 2.99 2.99 S\\n24217000000 PINEAPPLE BOWL 5.99 5.99 S\\n4062 CUCUMBERS 0.89 0.89 S\\n4611 LONG STEM GRLC ONI 0.38 0.36 S\\nWT 0.12 lb @ $2.99 /lb\\n4688 RED BELL PEPPERS 1.59 1.59 S\\n\"", \""raw_text_array\"": [\""Store Dir Rye,\\nMain:(512) 246-0390 Rx:C s\\n2051 Gatis School W4 6\\nROUND ROCK TX 78664\\n\\n\\n\\n00263600102102409071603\\n-------------------------------------\\nYOUR CASHIER TODAY WAS Kyessa\\n--------------------------------------\\nGROCERY Price You Pw\\n1480064666 HAWN PUNCH LMN 3.99 3.99B\\n1600014705 BC FRT ROLLUP/FRT 7.49 7.49B\\n2113025264 SIG S0DA LEMN LIME 1.79 1.79B\\nMEAT\\n20257000000 CHOICE BEEF STEW 10.23 10.23 S\\nPRODUCE\\n2113053056 POTATOES 5LB BAG 2.99 2.99 S\\n24217000000 PINEAPPLE BOWL 5.99 5.99 S\\n4062 CUCUMBERS 0.89 0.89 S\\n4611 LONG STEM GRLC ONI 0.38 0.36 S\\nWT 0.12 lb @ $2.99 /lb\\n4688 RED BELL PEPPERS 1.59 1.59 S\\n\\nTAX 1.09\\nTAX EXEMPTION -1.09\\n**** BALANCE 35.32\\n\\nQR Mobile Pay 35.32\\nCHANGE 0.00\\nTAX EXEMPT ID: ****************61-1\\n\\n\\n\\nTOTAL NUMBER OF ITEMS SOLD = 9\\n09/07/24 16:03 2636 1 210 5199\\n- -\\nThark you for shopPing Randalls!\\nFor R NDALLS FOR U mUestions Cal1\\n8rT-276-9637 9r 1RardallSiSom/foru\\n\\n\\n\\nKe Preveo* **e s Frso\\nWG G w K s\\n=eee s e wv e\\nW 6 ary A y ___-\\n\""], \""raw_trip_footer\"": \""TAX 1.09\\nTAX EXEMPTION -1.09\\n**** BALANCE 35.32\\nQR Mobile Pay 35.32\\nCHANGE 0.00\\nTAX EXEMPT ID: ****************61-1\\nTOTAL NUMBER OF ITEMS SOLD = 9\\n09/07/24 16:03 2636 1 210 5199\\n- -\\nThark you for shopPing Randalls!\\nFor R NDALLS FOR U mUestions Cal1\\n8rT-276-9637 9r 1RardallSiSom/foru\\nKe Preveo* **e s Frso\\nWG G w K s\\n=eee s e wv e\\nW 6 ary A y ___-\\n\"", \""raw_trip_header\"": \""Store Dir Rye,\\nMain :(512) 246-0390 Rx:C s\\n2051 Gatis School W4 6\\nROUND ROCK TX 78664\\n00263600102102409071603\\n-------------------------------------\\nYOUR CASHIER TODAY WAS Kyessa\\n--------------------------------------\\nGROCERY Price You Pw\\n\"", \""register\"": {\""confidence\"": 99.7783203125, \""value\"": \""210\""}, \""store\"": {\""confidence\"": 99.7783203125, \""value\"": \""2636\""}, \""store_city\"": {\""confidence\"": 100, \""value\"": \""Round Rock\""}, \""store_state\"": {\""confidence\"": 100, \""value\"": \""TX\""}, \""store_street\"": {\""confidence\"": 100, \""value\"": \""2051 Gattis School Rd\""}, \""store_zip\"": {\""confidence\"": 100, \""value\"": \""78664\""}, \""subtotal\"": {\""confidence\"": 100, \""value\"": 35.32}, \""taxes\"": {\""confidence\"": 99.96306610107422, \""value\"": 0}, \""time\"": {\""confidence\"": 99.7783203125, \""value\"": \""16:03\""}, \""total\"": {\""confidence\"": 99.96429443359375, \""value\"": 35.32}, \""transaction\"": {\""confidence\"": 99.7783203125, \""value\"": \""5199\""}, \""trip_confidence\"": 100, \""blink_receipt_id\"": \""c1b72ba5-82f3-42c8-ad7e-6507ccb76d07\"", \""cashback\"": 0, \""image_urls\"": [\""https://img.cdn4dd.com/cdn-cgi/image/format=auto/https://doordash-static.s3.amazonaws.com/media/photosV2/479c9b0d-bd3e-4197-8ea8-2a690957c1fd-retina-large.jpeg\""], \""country_code\"": \""US\"", \""api_version\"": 14}""
  }
]"
"[
  {
    ""key"": ""unmatched_item_info"",
    ""value"": ""[]""
  },
  {
    ""key"": ""embedding_matching_df"",
    ""value"": ""{\""GYA PNK BEANS15\"": {\""Badia Spices Smoked Paprika (2 oz)\"": 0.23125354879380733, \""Goya Foods Chicken Vienna Sausages (4.75 oz)\"": 0.3288894335515316, \""Goya Foods Premium Pink Beans (15.5 oz)\"": 0.5660136460066324, \""Trimmed and Tends Skirt Steak Beef (each)\"": 0.18322856426779988, \""Smithfield Anytime Favorites Fully Cooked Hickory Smoked Boneless Ham Steak (8 oz)\"": 0.17518224654021838, \""USDA Choice Boneless Chuck Roast Beef Shoulder (each)\"": 0.21424829805062423, \""Steakumm 100% Sliced Angus Steak Sandwich (15 oz)\"": 0.244086251413467, \""Goya Foods Prime Premium Green Pigeon Peas (15 oz)\"": 0.475533560562108, \""Goya Foods Spanish Style Tomato Sauce (8 oz)\"": 0.31000736173889654, \""USDA Choice Beef Taco Meat Family Pack (pack)\"": 0.29711478020655985, \""Goya Foods Ham Flavored Concentrate Economy Pack (3.52 oz)\"": 0.3077494277120897, \""Bag Fee\"": 0.2911337042266737, \""Bottle Deposit aka CRV\"": 0.1897139570957043, \""Unknown Item\"": 0.24765924799242883}, \""GYA GANDULES15Z\"": {\""Badia Spices Smoked Paprika (2 oz)\"": 0.3027433262610341, \""Goya Foods Chicken Vienna Sausages (4.75 oz)\"": 0.3585834398802587, \""Goya Foods Premium Pink Beans (15.5 oz)\"": 0.49303755080375516, \""Trimmed and Tends Skirt Steak Beef (each)\"": 0.17642284955713963, \""Smithfield Anytime Favorites Fully Cooked Hickory Smoked Boneless Ham Steak (8 oz)\"": 0.18726306936343962, \""USDA Choice Boneless Chuck Roast Beef Shoulder (each)\"": 0.1975359238779926, \""Steakumm 100% Sliced Angus Steak Sandwich (15 oz)\"": 0.23047315561548914, \""Goya Foods Prime Premium Green Pigeon Peas (15 oz)\"": 0.5340300714100122, \""Goya Foods Spanish Style Tomato Sauce (8 oz)\"": 0.3659240659970196, \""USDA Choice Beef Taco Meat Family Pack (pack)\"": 0.28416480417164136, \""Goya Foods Ham Flavored Concentrate Economy Pack (3.52 oz)\"": 0.3970406363150131, \""Bag Fee\"": 0.0, \""Bottle Deposit aka CRV\"": 0.0, \""Unknown Item\"": 0.2291177541853286}, \""GYA CHKN VIENNA4.6Z\"": {\""Badia Spices Smoked Paprika (2 oz)\"": 0.2577793105844787, \""Goya Foods Chicken Vienna Sausages (4.75 oz)\"": 0.5302330609198863, \""Goya Foods Premium Pink Beans (15.5 oz)\"": 0.24900099306260845, \""Trimmed and Tends Skirt Steak Beef (each)\"": 0.26948860125063584, \""Smithfield Anytime Favorites Fully Cooked Hickory Smoked Boneless Ham Steak (8 oz)\"": 0.31864777122681176, \""USDA Choice Boneless Chuck Roast Beef Shoulder (each)\"": 0.2791585245695679, \""Steakumm 100% Sliced Angus Steak Sandwich (15 oz)\"": 0.3206453619840736, \""Goya Foods Prime Premium Green Pigeon Peas (15 oz)\"": 0.2785409555160792, \""Goya Foods Spanish Style Tomato Sauce (8 oz)\"": 0.3084576754749381, \""USDA Choice Beef Taco Meat Family Pack (pack)\"": 0.34194096425684317, \""Goya Foods Ham Flavored Concentrate Economy Pack (3.52 oz)\"": 0.32392152799584334, \""Bag Fee\"": 0.0, \""Bottle Deposit aka CRV\"": 0.0, \""Unknown Item\"": 0.23261198895580804}, \""GYA TOM SAUCE8Z\"": {\""Badia Spices Smoked Paprika (2 oz)\"": 0.23025986357010925, \""Goya Foods Chicken Vienna Sausages (4.75 oz)\"": 0.32778977735153164, \""Goya Foods Premium Pink Beans (15.5 oz)\"": 0.278621441228918, \""Trimmed and Tends Skirt Steak Beef (each)\"": 0.1676067570397135, \""Smithfield Anytime Favorites Fully Cooked Hickory Smoked Boneless Ham Steak (8 oz)\"": 0.22890294209055292, \""USDA Choice Boneless Chuck Roast Beef Shoulder (each)\"": 0.17567222914844838, \""Steakumm 100% Sliced Angus Steak Sandwich (15 oz)\"": 0.28927715506864815, \""Goya Foods Prime Premium Green Pigeon Peas (15 oz)\"": 0.2736458650533124, \""Goya Foods Spanish Style Tomato Sauce (8 oz)\"": 0.49787873459183135, \""USDA Choice Beef Taco Meat Family Pack (pack)\"": 0.2875428343243417, \""Goya Foods Ham Flavored Concentrate Economy Pack (3.52 oz)\"": 0.33145702056235854, \""Bag Fee\"": 0.2494950477496674, \""Bottle Deposit aka CRV\"": 0.12484856636323456, \""Unknown Item\"": 0.12805081581507763}, \""SMTHFD BNLS HICKRY8\"": {\""Badia Spices Smoked Paprika (2 oz)\"": 0.20408223681022913, \""Goya Foods Chicken Vienna Sausages (4.75 oz)\"": 0.13033879227782055, \""Goya Foods Premium Pink Beans (15.5 oz)\"": 0.12231772968272585, \""Trimmed and Tends Skirt Steak Beef (each)\"": 0.1604537439562805, \""Smithfield Anytime Favorites Fully Cooked Hickory Smoked Boneless Ham Steak (8 oz)\"": 0.3367988581830577, \""USDA Choice Boneless Chuck Roast Beef Shoulder (each)\"": 0.15765265219832134, \""Steakumm 100% Sliced Angus Steak Sandwich (15 oz)\"": 0.18466673993666036, \""Goya Foods Prime Premium Green Pigeon Peas (15 oz)\"": 0.111743414571802, \""Goya Foods Spanish Style Tomato Sauce (8 oz)\"": 0.1865667306988413, \""USDA Choice Beef Taco Meat Family Pack (pack)\"": 0.22197813728035454, \""Goya Foods Ham Flavored Concentrate Economy Pack (3.52 oz)\"": 0.16080360013776573, \""Bag Fee\"": 0.0, \""Bottle Deposit aka CRV\"": 0.0, \""Unknown Item\"": 0.28013368835963964}, \""SANDWICH STEAK\"": {\""Badia Spices Smoked Paprika (2 oz)\"": 0.1935500745987608, \""Goya Foods Chicken Vienna Sausages (4.75 oz)\"": 0.2713495288842638, \""Goya Foods Premium Pink Beans (15.5 oz)\"": 0.197928943893698, \""Trimmed and Tends Skirt Steak Beef (each)\"": 0.45735234838508165, \""Smithfield Anytime Favorites Fully Cooked Hickory Smoked Boneless Ham Steak (8 oz)\"": 0.43293933292078207, \""USDA Choice Boneless Chuck Roast Beef Shoulder (each)\"": 0.37458270577278424, \""Steakumm 100% Sliced Angus Steak Sandwich (15 oz)\"": 0.6045159093530287, \""Goya Foods Prime Premium Green Pigeon Peas (15 oz)\"": 0.17326182673699256, \""Goya Foods Spanish Style Tomato Sauce (8 oz)\"": 0.25341316063985775, \""USDA Choice Beef Taco Meat Family Pack (pack)\"": 0.37168176326176106, \""Goya Foods Ham Flavored Concentrate Economy Pack (3.52 oz)\"": 0.27241119787118556, \""Bag Fee\"": 0.0, \""Bottle Deposit aka CRV\"": 0.0, \""Unknown Item\"": 0.17488011732348388}, \""F/P BEEF TACO MEAT\"": {\""Badia Spices Smoked Paprika (2 oz)\"": 0.2936142228610807, \""Goya Foods Chicken Vienna Sausages (4.75 oz)\"": 0.31726766167899034, \""Goya Foods Premium Pink Beans (15.5 oz)\"": 0.3225084467533927, \""Trimmed and Tends Skirt Steak Beef (each)\"": 0.4190721145565012, \""Smithfield Anytime Favorites Fully Cooked Hickory Smoked Boneless Ham Steak (8 oz)\"": 0.30026580418398363, \""USDA Choice Boneless Chuck Roast Beef Shoulder (each)\"": 0.3763779525850399, \""Steakumm 100% Sliced Angus Steak Sandwich (15 oz)\"": 0.35775232257705336, \""Goya Foods Prime Premium Green Pigeon Peas (15 oz)\"": 0.3026004745785384, \""Goya Foods Spanish Style Tomato Sauce (8 oz)\"": 0.35184493827261865, \""USDA Choice Beef Taco Meat Family Pack (pack)\"": 0.6236377583077967, \""Goya Foods Ham Flavored Concentrate Economy Pack (3.52 oz)\"": 0.3531425697213603, \""Bag Fee\"": 0.0, \""Bottle Deposit aka CRV\"": 0.0, \""Unknown Item\"": 0.20510689951604172}, \""SKIRT STK ARRACHER\"": {\""Badia Spices Smoked Paprika (2 oz)\"": 0.14282560798805594, \""Goya Foods Chicken Vienna Sausages (4.75 oz)\"": 0.09954289501696385, \""Goya Foods Premium Pink Beans (15.5 oz)\"": 0.10725290561899167, \""Trimmed and Tends Skirt Steak Beef (each)\"": 0.3715439583369603, \""Smithfield Anytime Favorites Fully Cooked Hickory Smoked Boneless Ham Steak (8 oz)\"": 0.16103516147856833, \""USDA Choice Boneless Chuck Roast Beef Shoulder (each)\"": 0.1632875655589254, \""Steakumm 100% Sliced Angus Steak Sandwich (15 oz)\"": 0.23150732643090624, \""Goya Foods Prime Premium Green Pigeon Peas (15 oz)\"": 0.12033845356711273, \""Goya Foods Spanish Style Tomato Sauce (8 oz)\"": 0.1420693874822376, \""USDA Choice Beef Taco Meat Family Pack (pack)\"": 0.20842194364601455, \""Goya Foods Ham Flavored Concentrate Economy Pack (3.52 oz)\"": 0.07549542375476037, \""Bag Fee\"": 0.0, \""Bottle Deposit aka CRV\"": 0.0, \""Unknown Item\"": 0.2625546118120334}, \""BONELESS BEEF CHUCK\"": {\""Badia Spices Smoked Paprika (2 oz)\"": 0.21242433122943555, \""Goya Foods Chicken Vienna Sausages (4.75 oz)\"": 0.2566417996197139, \""Goya Foods Premium Pink Beans (15.5 oz)\"": 0.23448647024963815, \""Trimmed and Tends Skirt Steak Beef (each)\"": 0.44090575031977325, \""Smithfield Anytime Favorites Fully Cooked Hickory Smoked Boneless Ham Steak (8 oz)\"": 0.34746580092800605, \""USDA Choice Boneless Chuck Roast Beef Shoulder (each)\"": 0.6224173299812843, \""Steakumm 100% Sliced Angus Steak Sandwich (15 oz)\"": 0.3922433202506115, \""Goya Foods Prime Premium Green Pigeon Peas (15 oz)\"": 0.2082297916872433, \""Goya Foods Spanish Style Tomato Sauce (8 oz)\"": 0.23642617240032707, \""USDA Choice Beef Taco Meat Family Pack (pack)\"": 0.45530138267794934, \""Goya Foods Ham Flavored Concentrate Economy Pack (3.52 oz)\"": 0.2604130473681286, \""Bag Fee\"": 0.0, \""Bottle Deposit aka CRV\"": 0.0, \""Unknown Item\"": 0.20487008986991878}, \""GYA HAMN SABOR3.52\"": {\""Badia Spices Smoked Paprika (2 oz)\"": 0.2809875718135875, \""Goya Foods Chicken Vienna Sausages (4.75 oz)\"": 0.31096362219473084, \""Goya Foods Premium Pink Beans (15.5 oz)\"": 0.2943305254446098, \""Trimmed and Tends Skirt Steak Beef (each)\"": 0.1980799167767515, \""Smithfield Anytime Favorites Fully Cooked Hickory Smoked Boneless Ham Steak (8 oz)\"": 0.2699794560502955, \""USDA Choice Boneless Chuck Roast Beef Shoulder (each)\"": 0.20062074039228467, \""Steakumm 100% Sliced Angus Steak Sandwich (15 oz)\"": 0.21022510109898784, \""Goya Foods Prime Premium Green Pigeon Peas (15 oz)\"": 0.2829065102867059, \""Goya Foods Spanish Style Tomato Sauce (8 oz)\"": 0.3037513821989185, \""USDA Choice Beef Taco Meat Family Pack (pack)\"": 0.2659980032681379, \""Goya Foods Ham Flavored Concentrate Economy Pack (3.52 oz)\"": 0.48254471283536216, \""Bag Fee\"": 0.0, \""Bottle Deposit aka CRV\"": 0.0, \""Unknown Item\"": 0.20604040735746326}, \""BADIA PAPRIKA SMOKD2\"": {\""Badia Spices Smoked Paprika (2 oz)\"": 0.7389311415125084, \""Goya Foods Chicken Vienna Sausages (4.75 oz)\"": 0.35093758185352436, \""Goya Foods Premium Pink Beans (15.5 oz)\"": 0.3584269920434414, \""Trimmed and Tends Skirt Steak Beef (each)\"": 0.246353133797584, \""Smithfield Anytime Favorites Fully Cooked Hickory Smoked Boneless Ham Steak (8 oz)\"": 0.3525423247248677, \""USDA Choice Boneless Chuck Roast Beef Shoulder (each)\"": 0.22805539301444439, \""Steakumm 100% Sliced Angus Steak Sandwich (15 oz)\"": 0.2795943127874561, \""Goya Foods Prime Premium Green Pigeon Peas (15 oz)\"": 0.3696782926753842, \""Goya Foods Spanish Style Tomato Sauce (8 oz)\"": 0.40143427899331097, \""USDA Choice Beef Taco Meat Family Pack (pack)\"": 0.3279759054431962, \""Goya Foods Ham Flavored Concentrate Economy Pack (3.52 oz)\"": 0.41791511858289077, \""Bag Fee\"": 0.0, \""Bottle Deposit aka CRV\"": 0.0, \""Unknown Item\"": 0.2001057498195582}, \""Unknown Item\"": {\""Badia Spices Smoked Paprika (2 oz)\"": 0.17059341083519747, \""Goya Foods Chicken Vienna Sausages (4.75 oz)\"": 0.13766877600048713, \""Goya Foods Premium Pink Beans (15.5 oz)\"": 0.14170575777678657, \""Trimmed and Tends Skirt Steak Beef (each)\"": 0.15733925637319351, \""Smithfield Anytime Favorites Fully Cooked Hickory Smoked Boneless Ham Steak (8 oz)\"": 0.17856861136709357, \""USDA Choice Boneless Chuck Roast Beef Shoulder (each)\"": 0.1869957631668315, \""Steakumm 100% Sliced Angus Steak Sandwich (15 oz)\"": 0.2177683374028703, \""Goya Foods Prime Premium Green Pigeon Peas (15 oz)\"": 0.1476602300432511, \""Goya Foods Spanish Style Tomato Sauce (8 oz)\"": 0.1493034104759389, \""USDA Choice Beef Taco Meat Family Pack (pack)\"": 0.2029810185978745, \""Goya Foods Ham Flavored Concentrate Economy Pack (3.52 oz)\"": 0.15154911436815865, \""Bag Fee\"": 0.300414460999277, \""Bottle Deposit aka CRV\"": 0.21774851845191506, \""Unknown Item\"": 0.9990000776809496}}""
  },
  {
    ""key"": ""total_amount"",
    ""value"": ""{\""money\"": {\""unit_amount\"": 9811, \""currency\"": \""USD\"", \""display_string\"": \""None98.11\"", \""decimal_places\"": 2, \""sign\"": null, \""symbol\"": null}, \""confidence_score\"": 1.0}""
  },
  {
    ""key"": ""discount_amount"",
    ""value"": ""{\""money\"": {\""unit_amount\"": 0, \""currency\"": \""USD\"", \""display_string\"": \""None0.00\"", \""decimal_places\"": 2, \""sign\"": null, \""symbol\"": null}, \""confidence_score\"": 1.0}""
  },
  {
    ""key"": ""business_id"",
    ""value"": ""986212""
  },
  {
    ""key"": ""subtotal_amount"",
    ""value"": ""{\""money\"": {\""unit_amount\"": 9595, \""currency\"": \""USD\"", \""display_string\"": \""None95.95\"", \""decimal_places\"": 2, \""sign\"": null, \""symbol\"": null}, \""confidence_score\"": 1.0}""
  },
  {
    ""key"": ""tax_confidence_score"",
    ""value"": ""1.0""
  },
  {
    ""key"": ""matched_item_info"",
    ""value"": ""[{\""merchant_supplied_id\"": \""4133112406\"", \""display_name\"": \""Goya Foods Premium Pink Beans (15.5 oz)\"", \""ocr_description\"": \""GYA PNK BEANS15\"", \""quantity\"": {\""value\"": 2.0}, \""price_per_unit\"": {\""unit_amount\"": 125, \""currency\"": \""USD\"", \""display_string\"": \""None1.25\"", \""decimal_places\"": 2, \""sign\"": null, \""symbol\"": null}, \""item_price\"": {\""unit_amount\"": 250, \""currency\"": \""USD\"", \""display_string\"": \""None2.50\"", \""decimal_places\"": 2, \""sign\"": null, \""symbol\"": null}, \""non_discount_price_per_unit\"": {\""unit_amount\"": 0, \""currency\"": \""USD\"", \""display_string\"": \""None0.00\"", \""decimal_places\"": 2, \""sign\"": null, \""symbol\"": null}, \""non_discount_item_price\"": {\""unit_amount\"": 0, \""currency\"": \""USD\"", \""display_string\"": \""None0.00\"", \""decimal_places\"": 2, \""sign\"": null, \""symbol\"": null}, \""sold_by_weight\"": false, \""confidence_score\"": 1.0}, {\""merchant_supplied_id\"": \""4133112001\"", \""display_name\"": \""Goya Foods Prime Premium Green Pigeon Peas (15 oz)\"", \""ocr_description\"": \""GYA GANDULES15Z\"", \""quantity\"": {\""value\"": 2.0}, \""price_per_unit\"": {\""unit_amount\"": 167, \""currency\"": \""USD\"", \""display_string\"": \""None1.67\"", \""decimal_places\"": 2, \""sign\"": null, \""symbol\"": null}, \""item_price\"": {\""unit_amount\"": 334, \""currency\"": \""USD\"", \""display_string\"": \""None3.34\"", \""decimal_places\"": 2, \""sign\"": null, \""symbol\"": null}, \""non_discount_price_per_unit\"": {\""unit_amount\"": 0, \""currency\"": \""USD\"", \""display_string\"": \""None0.00\"", \""decimal_places\"": 2, \""sign\"": null, \""symbol\"": null}, \""non_discount_item_price\"": {\""unit_amount\"": 0, \""currency\"": \""USD\"", \""display_string\"": \""None0.00\"", \""decimal_places\"": 2, \""sign\"": null, \""symbol\"": null}, \""sold_by_weight\"": false, \""confidence_score\"": 1.0}, {\""merchant_supplied_id\"": \""4133103327\"", \""display_name\"": \""Goya Foods Chicken Vienna Sausages (4.75 oz)\"", \""ocr_description\"": \""GYA CHKN VIENNA4.6Z\"", \""quantity\"": {\""value\"": 2.0}, \""price_per_unit\"": {\""unit_amount\"": 179, \""currency\"": \""USD\"", \""display_string\"": \""None1.79\"", \""decimal_places\"": 2, \""sign\"": null, \""symbol\"": null}, \""item_price\"": {\""unit_amount\"": 358, \""currency\"": \""USD\"", \""display_string\"": \""None3.58\"", \""decimal_places\"": 2, \""sign\"": null, \""symbol\"": null}, \""non_discount_price_per_unit\"": {\""unit_amount\"": 0, \""currency\"": \""USD\"", \""display_string\"": \""None0.00\"", \""decimal_places\"": 2, \""sign\"": null, \""symbol\"": null}, \""non_discount_item_price\"": {\""unit_amount\"": 0, \""currency\"": \""USD\"", \""display_string\"": \""None0.00\"", \""decimal_places\"": 2, \""sign\"": null, \""symbol\"": null}, \""sold_by_weight\"": false, \""confidence_score\"": 1.0}, {\""merchant_supplied_id\"": \""4133103961\"", \""display_name\"": \""Goya Foods Spanish Style Tomato Sauce (8 oz)\"", \""ocr_description\"": \""GYA TOM SAUCE8Z\"", \""quantity\"": {\""value\"": 4.0}, \""price_per_unit\"": {\""unit_amount\"": 79, \""currency\"": \""USD\"", \""display_string\"": \""None0.79\"", \""decimal_places\"": 2, \""sign\"": null, \""symbol\"": null}, \""item_price\"": {\""unit_amount\"": 316, \""currency\"": \""USD\"", \""display_string\"": \""None3.16\"", \""decimal_places\"": 2, \""sign\"": null, \""symbol\"": null}, \""non_discount_price_per_unit\"": {\""unit_amount\"": 0, \""currency\"": \""USD\"", \""display_string\"": \""None0.00\"", \""decimal_places\"": 2, \""sign\"": null, \""symbol\"": null}, \""non_discount_item_price\"": {\""unit_amount\"": 0, \""currency\"": \""USD\"", \""display_string\"": \""None0.00\"", \""decimal_places\"": 2, \""sign\"": null, \""symbol\"": null}, \""sold_by_weight\"": false, \""confidence_score\"": 1.0}, {\""merchant_supplied_id\"": \""7080004879\"", \""display_name\"": \""Smithfield Anytime Favorites Fully Cooked Hickory Smoked Boneless Ham Steak (8 oz)\"", \""ocr_description\"": \""SMTHFD BNLS HICKRY8\"", \""quantity\"": {\""value\"": 1.0}, \""price_per_unit\"": {\""unit_amount\"": 499, \""currency\"": \""USD\"", \""display_string\"": \""None4.99\"", \""decimal_places\"": 2, \""sign\"": null, \""symbol\"": null}, \""item_price\"": {\""unit_amount\"": 499, \""currency\"": \""USD\"", \""display_string\"": \""None4.99\"", \""decimal_places\"": 2, \""sign\"": null, \""symbol\"": null}, \""non_discount_price_per_unit\"": {\""unit_amount\"": 0, \""currency\"": \""USD\"", \""display_string\"": \""None0.00\"", \""decimal_places\"": 2, \""sign\"": null, \""symbol\"": null}, \""non_discount_item_price\"": {\""unit_amount\"": 0, \""currency\"": \""USD\"", \""display_string\"": \""None0.00\"", \""decimal_places\"": 2, \""sign\"": null, \""symbol\"": null}, \""sold_by_weight\"": false, \""confidence_score\"": 1.0}, {\""merchant_supplied_id\"": \""7254506262\"", \""display_name\"": \""Steakumm 100% Sliced Angus Steak Sandwich (15 oz)\"", \""ocr_description\"": \""SANDWICH STEAK\"", \""quantity\"": {\""value\"": 0.84}, \""price_per_unit\"": {\""unit_amount\"": 749, \""currency\"": \""USD\"", \""display_string\"": \""None7.49\"", \""decimal_places\"": 2, \""sign\"": null, \""symbol\"": null}, \""item_price\"": {\""unit_amount\"": 629, \""currency\"": \""USD\"", \""display_string\"": \""None6.29\"", \""decimal_places\"": 2, \""sign\"": null, \""symbol\"": null}, \""non_discount_price_per_unit\"": {\""unit_amount\"": 0, \""currency\"": \""USD\"", \""display_string\"": \""None0.00\"", \""decimal_places\"": 2, \""sign\"": null, \""symbol\"": null}, \""non_discount_item_price\"": {\""unit_amount\"": 0, \""currency\"": \""USD\"", \""display_string\"": \""None0.00\"", \""decimal_places\"": 2, \""sign\"": null, \""symbol\"": null}, \""sold_by_weight\"": true, \""confidence_score\"": 1.0}, {\""merchant_supplied_id\"": \""20943900000\"", \""display_name\"": \""USDA Choice Beef Taco Meat Family Pack (pack)\"", \""ocr_description\"": \""F/P BEEF TACO MEAT\"", \""quantity\"": {\""value\"": 2.87}, \""price_per_unit\"": {\""unit_amount\"": 599, \""currency\"": \""USD\"", \""display_string\"": \""None5.99\"", \""decimal_places\"": 2, \""sign\"": null, \""symbol\"": null}, \""item_price\"": {\""unit_amount\"": 1719, \""currency\"": \""USD\"", \""display_string\"": \""None17.19\"", \""decimal_places\"": 2, \""sign\"": null, \""symbol\"": null}, \""non_discount_price_per_unit\"": {\""unit_amount\"": 0, \""currency\"": \""USD\"", \""display_string\"": \""None0.00\"", \""decimal_places\"": 2, \""sign\"": null, \""symbol\"": null}, \""non_discount_item_price\"": {\""unit_amount\"": 0, \""currency\"": \""USD\"", \""display_string\"": \""None0.00\"", \""decimal_places\"": 2, \""sign\"": null, \""symbol\"": null}, \""sold_by_weight\"": true, \""confidence_score\"": 1.0}, {\""merchant_supplied_id\"": \""20929500000\"", \""display_name\"": \""Trimmed and Tends Skirt Steak Beef (each)\"", \""ocr_description\"": \""SKIRT STK ARRACHER\"", \""quantity\"": {\""value\"": 3.38}, \""price_per_unit\"": {\""unit_amount\"": 799, \""currency\"": \""USD\"", \""display_string\"": \""None7.99\"", \""decimal_places\"": 2, \""sign\"": null, \""symbol\"": null}, \""item_price\"": {\""unit_amount\"": 2700, \""currency\"": \""USD\"", \""display_string\"": \""None27.00\"", \""decimal_places\"": 2, \""sign\"": null, \""symbol\"": null}, \""non_discount_price_per_unit\"": {\""unit_amount\"": 0, \""currency\"": \""USD\"", \""display_string\"": \""None0.00\"", \""decimal_places\"": 2, \""sign\"": null, \""symbol\"": null}, \""non_discount_item_price\"": {\""unit_amount\"": 0, \""currency\"": \""USD\"", \""display_string\"": \""None0.00\"", \""decimal_places\"": 2, \""sign\"": null, \""symbol\"": null}, \""sold_by_weight\"": true, \""confidence_score\"": 1.0}, {\""merchant_supplied_id\"": \""20808900000\"", \""display_name\"": \""USDA Choice Boneless Chuck Roast Beef Shoulder (each)\"", \""ocr_description\"": \""BONELESS BEEF CHUCK\"", \""quantity\"": {\""value\"": 3.45}, \""price_per_unit\"": {\""unit_amount\"": 650, \""currency\"": \""USD\"", \""display_string\"": \""None6.50\"", \""decimal_places\"": 2, \""sign\"": null, \""symbol\"": null}, \""item_price\"": {\""unit_amount\"": 2242, \""currency\"": \""USD\"", \""display_string\"": \""None22.42\"", \""decimal_places\"": 2, \""sign\"": null, \""symbol\"": null}, \""non_discount_price_per_unit\"": {\""unit_amount\"": 0, \""currency\"": \""USD\"", \""display_string\"": \""None0.00\"", \""decimal_places\"": 2, \""sign\"": null, \""symbol\"": null}, \""non_discount_item_price\"": {\""unit_amount\"": 0, \""currency\"": \""USD\"", \""display_string\"": \""None0.00\"", \""decimal_places\"": 2, \""sign\"": null, \""symbol\"": null}, \""sold_by_weight\"": true, \""confidence_score\"": 1.0}, {\""merchant_supplied_id\"": \""4133103838\"", \""display_name\"": \""Goya Foods Ham Flavored Concentrate Economy Pack (3.52 oz)\"", \""ocr_description\"": \""GYA HAMN SABOR3.52\"", \""quantity\"": {\""value\"": 1.0}, \""price_per_unit\"": {\""unit_amount\"": 379, \""currency\"": \""USD\"", \""display_string\"": \""None3.79\"", \""decimal_places\"": 2, \""sign\"": null, \""symbol\"": null}, \""item_price\"": {\""unit_amount\"": 379, \""currency\"": \""USD\"", \""display_string\"": \""None3.79\"", \""decimal_places\"": 2, \""sign\"": null, \""symbol\"": null}, \""non_discount_price_per_unit\"": {\""unit_amount\"": 0, \""currency\"": \""USD\"", \""display_string\"": \""None0.00\"", \""decimal_places\"": 2, \""sign\"": null, \""symbol\"": null}, \""non_discount_item_price\"": {\""unit_amount\"": 0, \""currency\"": \""USD\"", \""display_string\"": \""None0.00\"", \""decimal_places\"": 2, \""sign\"": null, \""symbol\"": null}, \""sold_by_weight\"": false, \""confidence_score\"": 1.0}, {\""merchant_supplied_id\"": \""3384400213\"", \""display_name\"": \""Badia Spices Smoked Paprika (2 oz)\"", \""ocr_description\"": \""BADIA PAPRIKA SMOKD2\"", \""quantity\"": {\""value\"": 1.0}, \""price_per_unit\"": {\""unit_amount\"": 169, \""currency\"": \""USD\"", \""display_string\"": \""None1.69\"", \""decimal_places\"": 2, \""sign\"": null, \""symbol\"": null}, \""item_price\"": {\""unit_amount\"": 169, \""currency\"": \""USD\"", \""display_string\"": \""None1.69\"", \""decimal_places\"": 2, \""sign\"": null, \""symbol\"": null}, \""non_discount_price_per_unit\"": {\""unit_amount\"": 0, \""currency\"": \""USD\"", \""display_string\"": \""None0.00\"", \""decimal_places\"": 2, \""sign\"": null, \""symbol\"": null}, \""non_discount_item_price\"": {\""unit_amount\"": 0, \""currency\"": \""USD\"", \""display_string\"": \""None0.00\"", \""decimal_places\"": 2, \""sign\"": null, \""symbol\"": null}, \""sold_by_weight\"": false, \""confidence_score\"": 1.0}]""
  },
  {
    ""key"": ""bag_fee_info"",
    ""value"": ""{\""quantity\"": {\""value\"": 0}, \""price_per_unit\"": {\""unit_amount\"": 0, \""currency\"": \""USD\"", \""display_string\"": \""None0.00\"", \""decimal_places\"": 2, \""sign\"": null, \""symbol\"": null}, \""item_price\"": {\""unit_amount\"": 0, \""currency\"": \""USD\"", \""display_string\"": \""None0.00\"", \""decimal_places\"": 2, \""sign\"": null, \""symbol\"": null}, \""confidence_score\"": 1.0}""
  },
  {
    ""key"": ""blink_items_df"",
    ""value"": ""{\""ocr_description\"": {\""0\"": \""GYA PNK BEANS15\"", \""1\"": \""GYA GANDULES15Z\"", \""2\"": \""GYA CHKN VIENNA4.6Z\"", \""3\"": \""GYA TOM SAUCE8Z\"", \""4\"": \""SMTHFD BNLS HICKRY8\"", \""5\"": \""SANDWICH STEAK\"", \""6\"": \""F/P BEEF TACO MEAT\"", \""7\"": \""SKIRT STK ARRACHER\"", \""8\"": \""BONELESS BEEF CHUCK\"", \""9\"": \""GYA HAMN SABOR3.52\"", \""10\"": \""BADIA PAPRIKA SMOKD2\"", \""11\"": \""discount_cents\"", \""12\"": \""subtotal_cents\"", \""13\"": \""total_tax_cents\"", \""14\"": \""total_cents\""}, \""quantity\"": {\""0\"": 2.0, \""1\"": 2.0, \""2\"": 2.0, \""3\"": 4.0, \""4\"": 1.0, \""5\"": 0.84, \""6\"": 2.87, \""7\"": 3.38, \""8\"": 3.45, \""9\"": 1.0, \""10\"": 1.0, \""11\"": NaN, \""12\"": NaN, \""13\"": NaN, \""14\"": NaN}, \""price_per_unit_cents\"": {\""0\"": 125.0, \""1\"": 167.0, \""2\"": 179.0, \""3\"": 79.0, \""4\"": 499.0, \""5\"": 749.0, \""6\"": 599.0, \""7\"": 799.0, \""8\"": 650.0, \""9\"": 379.0, \""10\"": 169.0, \""11\"": NaN, \""12\"": NaN, \""13\"": NaN, \""14\"": NaN}, \""item_price_cents\"": {\""0\"": 250, \""1\"": 334, \""2\"": 358, \""3\"": 316, \""4\"": 499, \""5\"": 629, \""6\"": 1719, \""7\"": 2700, \""8\"": 2242, \""9\"": 379, \""10\"": 169, \""11\"": 0, \""12\"": 9595, \""13\"": 216, \""14\"": 9811}}""
  },
  {
    ""key"": ""input_swipe_amount"",
    ""value"": ""9811""
  },
  {
    ""key"": ""is_legible"",
    ""value"": ""true""
  },
  {
    ""key"": ""input_item_info"",
    ""value"": ""[{\""merchant_supplied_id\"": \""3384400213\"", \""display_name\"": \""Badia Spices Smoked Paprika (2 oz)\"", \""scanned_barcode\"": null}, {\""merchant_supplied_id\"": \""4133103327\"", \""display_name\"": \""Goya Foods Chicken Vienna Sausages (4.75 oz)\"", \""scanned_barcode\"": null}, {\""merchant_supplied_id\"": \""4133112406\"", \""display_name\"": \""Goya Foods Premium Pink Beans (15.5 oz)\"", \""scanned_barcode\"": null}, {\""merchant_supplied_id\"": \""20929500000\"", \""display_name\"": \""Trimmed and Tends Skirt Steak Beef (each)\"", \""scanned_barcode\"": null}, {\""merchant_supplied_id\"": \""7080004879\"", \""display_name\"": \""Smithfield Anytime Favorites Fully Cooked Hickory Smoked Boneless Ham Steak (8 oz)\"", \""scanned_barcode\"": null}, {\""merchant_supplied_id\"": \""20808900000\"", \""display_name\"": \""USDA Choice Boneless Chuck Roast Beef Shoulder (each)\"", \""scanned_barcode\"": null}, {\""merchant_supplied_id\"": \""7254506262\"", \""display_name\"": \""Steakumm 100% Sliced Angus Steak Sandwich (15 oz)\"", \""scanned_barcode\"": null}, {\""merchant_supplied_id\"": \""4133112001\"", \""display_name\"": \""Goya Foods Prime Premium Green Pigeon Peas (15 oz)\"", \""scanned_barcode\"": null}, {\""merchant_supplied_id\"": \""4133103961\"", \""display_name\"": \""Goya Foods Spanish Style Tomato Sauce (8 oz)\"", \""scanned_barcode\"": null}, {\""merchant_supplied_id\"": \""20943900000\"", \""display_name\"": \""USDA Choice Beef Taco Meat Family Pack (pack)\"", \""scanned_barcode\"": null}, {\""merchant_supplied_id\"": \""4133103838\"", \""display_name\"": \""Goya Foods Ham Flavored Concentrate Economy Pack (3.52 oz)\"", \""scanned_barcode\"": null}]""
  },
  {
    ""key"": ""url"",
    ""value"": ""\""https://img.cdn4dd.com/cdn-cgi/image/format=auto/https://doordash-static.s3.amazonaws.com/media/photosV2/8b47a965-7320-4fab-af87-136cb92244fe-retina-large.jpeg\""""
  },
  {
    ""key"": ""sanity_checks"",
    ""value"": ""{\""swipe_match\"": true, \""subtotal_match\"": true, \""tax_match\"": true, \""items_length_match\"": true, \""ok_ocr_name_deduping\"": true, \""item_price_reasonableness\"": true, \""weights_look_ok\"": true, \""bag_fee_max_price\"": true, \""bottle_fee_max_price\"": true, \""bag_fee_max_count\"": true, \""bottle_fee_max_count\"": true, \""tax_vs_subtotal_sanity_check\"": true, \""has_no_unknown_items\"": true, \""has_no_missing_items\"": true, \""delivery_discounts_are_nonzero\"": true}""
  },
  {
    ""key"": ""bottle_fee_info"",
    ""value"": ""{\""quantity\"": {\""value\"": 0}, \""price_per_unit\"": {\""unit_amount\"": 0, \""currency\"": \""USD\"", \""display_string\"": \""None0.00\"", \""decimal_places\"": 2, \""sign\"": null, \""symbol\"": null}, \""item_price\"": {\""unit_amount\"": 0, \""currency\"": \""USD\"", \""display_string\"": \""None0.00\"", \""decimal_places\"": 2, \""sign\"": null, \""symbol\"": null}, \""confidence_score\"": 1.0}""
  },
  {
    ""key"": ""delivery_uuid"",
    ""value"": ""\""c2d79797-1f69-3001-aa42-be1aea33bdc3\""""
  },
  {
    ""key"": ""missing_item_info"",
    ""value"": ""[]""
  },
  {
    ""key"": ""tax_amount"",
    ""value"": ""{\""money\"": {\""unit_amount\"": 216, \""currency\"": \""USD\"", \""display_string\"": \""None2.16\"", \""decimal_places\"": 2, \""sign\"": null, \""symbol\"": null}, \""confidence_score\"": 1.0}""
  },
  {
    ""key"": ""confidence_score"",
    ""value"": ""1.0""
  },
  {
    ""key"": ""raw_blink_receipt"",
    ""value"": ""{\""banner_id\"": 8670, \""cashier\"": {\""confidence\"": 99.99322509765625, \""value\"": \""8013\""}, \""channel\"": {\""confidence\"": 100, \""value\"": \""Food\""}, \""date\"": {\""confidence\"": 99.98770904541016, \""value\"": \""09/07/2024\""}, \""isDigital\"": false, \""isFraudulent\"": false, \""is_blurry\"": false, \""is_instacart_shopper\"": false, \""is_receipt\"": true, \""is_screen\"": false, \""item_confidence\"": 99, \""last4cc\"": {\""confidence\"": 99.99092864990234, \""value\"": \""7106\""}, \""merchant_confidence\"": 90.6314468383789, \""merchant_name\"": \""Tony's Finer Foods\"", \""ocr_confidence\"": 99.71723175048828, \""paymentMethods\"": [{\""amount\"": {\""confidence\"": 0, \""value\"": 98.11}, \""cardType\"": {\""confidence\"": 100, \""value\"": \""Mastercard\""}, \""method\"": {\""confidence\"": 99.99364471435547, \""value\"": \""Credit\""}}], \""phones\"": [{\""confidence\"": 99.97864532470703, \""value\"": \""708-683-4072\""}], \""products\"": [{\""infoLines\"": [{\""line\"": 1008, \""text\"": {\""confidence\"": 100, \""value\"": \""$1.25 $1.25 T F\""}, \""type\"": {\""confidence\"": 100, \""value\"": \""Quantity\""}}], \""line\"": 1007, \""price\"": {\""confidence\"": 99.95630645751953, \""value\"": 1.25}, \""price_postfix\"": \""T F\"", \""qty\"": {\""confidence\"": 0, \""value\"": 1}, \""rsd\"": {\""confidence\"": 99.95630645751953, \""original_case_value\"": \""GYA PNK BEANS15\"", \""value\"": \""GYA PNK BEANS15\""}, \""rsd_postfix\"": \"" W\"", \""totalPrice\"": {\""confidence\"": 0, \""value\"": 1.25}}, {\""infoLines\"": [{\""line\"": 1010, \""text\"": {\""confidence\"": 100, \""value\"": \""$1.67 $1.67 T F\""}, \""type\"": {\""confidence\"": 100, \""value\"": \""Quantity\""}}], \""line\"": 1009, \""price\"": {\""confidence\"": 99.97010040283203, \""value\"": 1.67}, \""price_postfix\"": \""T F\"", \""qty\"": {\""confidence\"": 0, \""value\"": 1}, \""rsd\"": {\""confidence\"": 99.97010040283203, \""original_case_value\"": \""GYA GANDULES15Z\"", \""value\"": \""GYA GANDULES15Z\""}, \""rsd_postfix\"": \"" W\"", \""totalPrice\"": {\""confidence\"": 0, \""value\"": 1.67}}, {\""line\"": 1011, \""price\"": {\""confidence\"": 99.98954772949219, \""value\"": 1.79}, \""price_postfix\"": \""T F\"", \""qty\"": {\""confidence\"": 0, \""value\"": 1}, \""rsd\"": {\""confidence\"": 99.97782897949219, \""original_case_value\"": \""GYA CHKN VIENNA4.6Z\"", \""value\"": \""GYA CHKN VIENNA4.6Z\""}, \""totalPrice\"": {\""confidence\"": 0, \""value\"": 1.79}}, {\""line\"": 1012, \""price\"": {\""confidence\"": 99.99292755126953, \""value\"": 0.79}, \""price_postfix\"": \""T F\"", \""qty\"": {\""confidence\"": 0, \""value\"": 1}, \""rsd\"": {\""confidence\"": 99.92249298095703, \""original_case_value\"": \""GYA TOM SAUCE8Z\"", \""value\"": \""GYA TOM SAUCE8Z\""}, \""rsd_postfix\"": \"" W\"", \""totalPrice\"": {\""confidence\"": 0, \""value\"": 0.79}}, {\""infoLines\"": [{\""line\"": 1014, \""text\"": {\""confidence\"": 100, \""value\"": \""$1.67 $1.67 T F\""}, \""type\"": {\""confidence\"": 100, \""value\"": \""Quantity\""}}], \""line\"": 1013, \""price\"": {\""confidence\"": 99.98567962646484, \""value\"": 1.67}, \""price_postfix\"": \""T F\"", \""qty\"": {\""confidence\"": 0, \""value\"": 1}, \""rsd\"": {\""confidence\"": 99.98567962646484, \""original_case_value\"": \""GYA GANDULES15Z\"", \""value\"": \""GYA GANDULES15Z\""}, \""rsd_postfix\"": \"" W\"", \""totalPrice\"": {\""confidence\"": 0, \""value\"": 1.67}}, {\""infoLines\"": [{\""line\"": 1016, \""text\"": {\""confidence\"": 100, \""value\"": \""$1.25 $1.25 T F\""}, \""type\"": {\""confidence\"": 100, \""value\"": \""Quantity\""}}], \""line\"": 1015, \""price\"": {\""confidence\"": 99.83963775634766, \""value\"": 1.25}, \""price_postfix\"": \""T F\"", \""qty\"": {\""confidence\"": 0, \""value\"": 1}, \""rsd\"": {\""confidence\"": 99.83963775634766, \""original_case_value\"": \""GYA PNK BEANS15\"", \""value\"": \""GYA PNK BEANS15\""}, \""rsd_postfix\"": \"" W\"", \""totalPrice\"": {\""confidence\"": 0, \""value\"": 1.25}}, {\""line\"": 1017, \""price\"": {\""confidence\"": 99.9931411743164, \""value\"": 0.79}, \""price_postfix\"": \""T F\"", \""qty\"": {\""confidence\"": 0, \""value\"": 1}, \""rsd\"": {\""confidence\"": 99.98323822021484, \""original_case_value\"": \""GYA TOM SAUCE8Z\"", \""value\"": \""GYA TOM SAUCE8Z\""}, \""rsd_postfix\"": \"" W\"", \""totalPrice\"": {\""confidence\"": 0, \""value\"": 0.79}}, {\""line\"": 1018, \""price\"": {\""confidence\"": 99.99134063720703, \""value\"": 0.79}, \""price_postfix\"": \""T F\"", \""qty\"": {\""confidence\"": 0, \""value\"": 1}, \""rsd\"": {\""confidence\"": 99.96802520751953, \""original_case_value\"": \""GYA TOM SAUCE8Z\"", \""value\"": \""GYA TOM SAUCE8Z\""}, \""rsd_postfix\"": \"" W\"", \""totalPrice\"": {\""confidence\"": 0, \""value\"": 0.79}}, {\""line\"": 1019, \""price\"": {\""confidence\"": 99.98365020751953, \""value\"": 4.99}, \""price_postfix\"": \""T F\"", \""qty\"": {\""confidence\"": 0, \""value\"": 1}, \""rsd\"": {\""confidence\"": 99.96759033203125, \""original_case_value\"": \""SMTHFD BNLS HICKRY8\"", \""value\"": \""SMTHFD BNLS HICKRY8\""}, \""totalPrice\"": {\""confidence\"": 0, \""value\"": 4.99}}, {\""infoLines\"": [{\""line\"": 1021, \""text\"": {\""confidence\"": 100, \""value\"": \""0.84 lb @ $7.49/ lb $6.29 T F\""}, \""type\"": {\""confidence\"": 100, \""value\"": \""Weight\""}}], \""line\"": 1020, \""price\"": {\""confidence\"": 0, \""value\"": 7.4}, \""price_postfix\"": \""T F\"", \""qty\"": {\""confidence\"": 0, \""value\"": 0.84}, \""rsd\"": {\""confidence\"": 100, \""original_case_value\"": \""SANDWICH STEAK\"", \""value\"": \""SANDWICH STEAK\""}, \""totalPrice\"": {\""confidence\"": 0, \""value\"": 6.29}, \""uom\"": {\""confidence\"": 0, \""value\"": \""LB\""}}, {\""infoLines\"": [{\""line\"": 1023, \""text\"": {\""confidence\"": 100, \""value\"": \""2.87 lb @ $5.99/ lb $17.19 T F\""}, \""type\"": {\""confidence\"": 100, \""value\"": \""Weight\""}}], \""line\"": 1022, \""price\"": {\""confidence\"": 0, \""value\"": 5.9}, \""price_postfix\"": \""T F\"", \""qty\"": {\""confidence\"": 0, \""value\"": 2.87}, \""rsd\"": {\""confidence\"": 99.98624420166016, \""original_case_value\"": \""F/P BEEF TACO MEAT\"", \""value\"": \""F/P BEEF TACO MEAT\""}, \""totalPrice\"": {\""confidence\"": 0, \""value\"": 17.19}, \""uom\"": {\""confidence\"": 0, \""value\"": \""LB\""}}, {\""infoLines\"": [{\""line\"": 1025, \""text\"": {\""confidence\"": 100, \""value\"": \""1.67 lb @ $7.99/ lb $13.34 T F\""}, \""type\"": {\""confidence\"": 100, \""value\"": \""Weight\""}}], \""line\"": 1024, \""price\"": {\""confidence\"": 0, \""value\"": 7.9}, \""price_postfix\"": \""T F\"", \""qty\"": {\""confidence\"": 0, \""value\"": 1.67}, \""rsd\"": {\""confidence\"": 100, \""original_case_value\"": \""SKIRT STEAK ARRACHER\"", \""value\"": \""SKIRT STK ARRACHER\""}, \""totalPrice\"": {\""confidence\"": 0, \""value\"": 13.34}, \""uom\"": {\""confidence\"": 0, \""value\"": \""LB\""}}, {\""infoLines\"": [{\""line\"": 1027, \""text\"": {\""confidence\"": 100, \""value\"": \""1.71 lb @ $7.99/ lb $13.66 T F\""}, \""type\"": {\""confidence\"": 100, \""value\"": \""Weight\""}}], \""line\"": 1026, \""price\"": {\""confidence\"": 0, \""value\"": 7.9}, \""price_postfix\"": \""T F\"", \""qty\"": {\""confidence\"": 0, \""value\"": 1.71}, \""rsd\"": {\""confidence\"": 100, \""original_case_value\"": \""SKIRT STEAK ARRACHER\"", \""value\"": \""SKIRT STK ARRACHER\""}, \""totalPrice\"": {\""confidence\"": 0, \""value\"": 13.66}, \""uom\"": {\""confidence\"": 0, \""value\"": \""LB\""}}, {\""infoLines\"": [{\""line\"": 1029, \""text\"": {\""confidence\"": 100, \""value\"": \""3.45 lb @ $6.49/ lb $22.42 T F\""}, \""type\"": {\""confidence\"": 100, \""value\"": \""Weight\""}}], \""line\"": 1028, \""price\"": {\""confidence\"": 0, \""value\"": 6.4}, \""price_postfix\"": \""T F\"", \""qty\"": {\""confidence\"": 0, \""value\"": 3.45}, \""rsd\"": {\""confidence\"": 99.9850845336914, \""original_case_value\"": \""BONELESS BEEF CHUCK\"", \""value\"": \""BONELESS BEEF CHUCK\""}, \""totalPrice\"": {\""confidence\"": 0, \""value\"": 22.42}, \""uom\"": {\""confidence\"": 0, \""value\"": \""LB\""}}, {\""line\"": 1030, \""price\"": {\""confidence\"": 99.99217224121094, \""value\"": 3.79}, \""price_postfix\"": \""T F\"", \""qty\"": {\""confidence\"": 0, \""value\"": 1}, \""rsd\"": {\""confidence\"": 99.44024658203125, \""original_case_value\"": \""GYA HAMN SABOR3.52\"", \""value\"": \""GYA HAMN SABOR3.52\""}, \""totalPrice\"": {\""confidence\"": 0, \""value\"": 3.79}}, {\""line\"": 1031, \""price\"": {\""confidence\"": 99.99168395996094, \""value\"": 0.79}, \""price_postfix\"": \""T F\"", \""qty\"": {\""confidence\"": 0, \""value\"": 1}, \""rsd\"": {\""confidence\"": 99.98812866210938, \""original_case_value\"": \""GYA TOM SAUCE8Z\"", \""value\"": \""GYA TOM SAUCE8Z\""}, \""rsd_postfix\"": \"" W\"", \""totalPrice\"": {\""confidence\"": 0, \""value\"": 0.79}}, {\""line\"": 1032, \""price\"": {\""confidence\"": 99.99407196044922, \""value\"": 1.79}, \""price_postfix\"": \""T F\"", \""qty\"": {\""confidence\"": 0, \""value\"": 1}, \""rsd\"": {\""confidence\"": 99.98269653320312, \""original_case_value\"": \""GYA CHKN VIENNA4.6Z\"", \""value\"": \""GYA CHKN VIENNA4.6Z\""}, \""totalPrice\"": {\""confidence\"": 0, \""value\"": 1.79}}, {\""line\"": 1033, \""price\"": {\""confidence\"": 99.99504852294922, \""value\"": 1.69}, \""price_postfix\"": \""T F\"", \""qty\"": {\""confidence\"": 0, \""value\"": 1}, \""rsd\"": {\""confidence\"": 99.97251892089844, \""original_case_value\"": \""BADIA PAPRIKA SMOKD2\"", \""value\"": \""BADIA PAPRIKA SMOKD2\""}, \""totalPrice\"": {\""confidence\"": 0, \""value\"": 1.69}}], \""purchase_type\"": \""In-Store\"", \""raw_basket\"": \""GYA PNK BEANS15 W\\n$1.25 $1.25 T F\\nGYA GANDULES15Z W\\n$1.67 $1.67 T F\\nGYA CHKN VIENNA4.6Z $1.79 T F\\nGYA TOM SAUCE8ZW $0.79 T F\\nGYA GANDULES15Z W\\n$1.67 $1.67 T F\\nGYA PNK BEANS15 W\\n$1.25 $1.25 T F\\nGYA TOM SAUCE8ZW $0.79 T F\\nGYA TOM SAUCE8ZW $0.79 T F\\nSMTHFD BNLS HICKRY8 $4.99 T F\\nSANDWICH STEAK\\n0.84 lb @ $7.49/ lb $6.29 T F\\nF/P BEEF TACO MEAT\\n2.87 lb @ $5.99/ lb $17.19 T F\\nSKIRT STEAK ARRACHER\\n1.67 lb @ $7.99/ lb $13.34 T F\\nSKIRT STEAK ARRACHER\\n1.71 lb @ $7.99/ lb $13.66 T F\\nBONELESS BEEF CHUCK\\n3.45 lb @ $6.49/ lb $22.42 T F\\nGYA HAMN SABOR3.52 $3.79 T F\\nGYA TOM SAUCE8ZW $0.79 T F\\nGYA CHKN VIENNA4.6Z $1.79 T F\\nBADIA PAPRIKA SMOKD2 $1.69 T F\\n\"", \""raw_text_array\"": [\""WELCOME TO TONY'S\\nBIENVENIDOS A TONY'S\\n7111 Cermak Rd.\\nBerwyn, IL 60402\\n(708) 683-4072\\nStore : 2007\\n\\nGYA PNK BEANS15. W\\n1 @ 4 FOR $5.00 $1.25 T F\\nGYA GANDULES15Z W\\n1 @ 3 FOR $5.00 $1.67 T F\\nGYA CHKN VIENNA4.6Z $1.79 T F\\nGYA TOM SAUCE8Z W $0.79 T F\\nGYA GANDULES15Z W\\n1 @ 3 FOR $5.00 $1.67 T F\\nGYA PNK BEANS15. W\\n1 @ 4 FOR $5.00 $1.25 T F\\nGYA TOM SAUCE8Z W $0.79 T F\\nGYA TOM SAUCE8Z W $0.79 T F\\nSMTHFD BNLS HICKRY8 $4.99 T F\\nSANDWICH STEAK\\n0.84 lb @ $7.49/ lb $6.29 T F\\nF/P BEEF TACO MEAT\\n2.87 lb @ $5.99/ lb $17.19 T F\\nSKIRT STEAK ARRACHER\\n1.67 lb @ $7.99/ lb $13.34 T F\\nSKIRT STEAK ARRACHER\\n1.71 lb @ $7.99/ lb $13.66 T F\\nBONELESS BEEF CHUCK\\n3.45 lb @ $6.49/ lb $22.42 T F\\nGYA HAMN SABOR3.52 $3.79 T F\\nGYA TOM SAUCE8Z W $0.79 T F\\nGYA CHKN VIENNA4.6Z $1.79 T F\\nBADIA PAPRIKA SMOKD2 $1.69 T F\\n\\nBALANCE DUE $98.11\\nMaster Card $98.11\\nAuth Code = 907193\\n\\nPURCHASE\\n\\nMaster Card #XXXXXXXXXXXX7106\\nEntry Method : Swipe\\nAuth # 907193\\nLane # 03 Cashier # 8013\\n09/07/24 08:37 Ref/Seq # 030755\\nEPS Sequence # 030755\\nTotal $ 98.11\\n\\n\\nTotal number of items sold = 18\\n\\nSales Tax\\nTax 1 $95.95 $2.16\\n\\nCHANGE $0.00\\n----------------------------------------\\nCASHIER NAME: Jesus M\\nC8013 #8820 8:37:48 7SEP2024\\nS02007 R003\\n\\nThanks for shoopino at Tonv's\\n\""], \""raw_trip_footer\"": \""BALANCE DUE $98.11\\nMaster Card $98.11\\nAuth Code = 907193\\nPURCHASE\\nMaster Card #XXXXXXXXXXXX7106\\nEntry Method : Swipe\\nAuth # 907193\\nLane # 03 Cashier # 8013\\n09/07/24 08:37 Ref/Seq # 030755\\nEPS Sequence # 030755\\nTotal 98.11\\nTotal number of items sold = 18\\nSales Tax\\nTax 1 $95.95 $2.16\\nCHANGE $0.00\\n----------------------------------------\\nCASHIER NAME: Jesus M\\nC8013 #8820 8:37:48 7SEP2024\\nS02007 R003\\nThanks for shoopino at Tonv's\\n\"", \""raw_trip_header\"": \""WELCOME TO TONY'S\\nBIENVENIDOS A TONY'S\\n7111 Cermak Rd.\\nBerwyn, IL 60402\\n(708) 683-4072\\nStore : 2007\\n\"", \""store\"": {\""confidence\"": 99.978271484375, \""value\"": \""2007\""}, \""store_city\"": {\""confidence\"": 99.92118072509766, \""value\"": \""Berwyn\""}, \""store_state\"": {\""confidence\"": 99.92118072509766, \""value\"": \""IL\""}, \""store_street\"": {\""confidence\"": 99.98458099365234, \""value\"": \""7111 Cermak Rd.\""}, \""store_zip\"": {\""confidence\"": 99.92118072509766, \""value\"": \""60402\""}, \""subtotal\"": {\""confidence\"": 100, \""value\"": 95.95}, \""taxes\"": {\""confidence\"": 99.99226379394531, \""value\"": 2.16}, \""time\"": {\""confidence\"": 99.99251556396484, \""value\"": \""08:37\""}, \""total\"": {\""confidence\"": 95, \""value\"": 98.11}, \""trip_confidence\"": 100, \""blink_receipt_id\"": \""ebb4d42b-a773-4fe6-9a9a-4ba17967c4e5\"", \""cashback\"": 0, \""image_urls\"": [\""https://img.cdn4dd.com/cdn-cgi/image/format=auto/https://doordash-static.s3.amazonaws.com/media/photosV2/8b47a965-7320-4fab-af87-136cb92244fe-retina-large.jpeg\""], \""country_code\"": \""US\"", \""api_version\"": 14}""
  }
]"
"[
  {
    ""key"": ""unmatched_item_info"",
    ""value"": ""[]""
  },
  {
    ""key"": ""embedding_matching_df"",
    ""value"": ""{\""OV MILK WHOLE\"": {\""Eden Organic Black Eyed Peas Canned (15 oz)\"": 0.25765789892725, \""Daisy Brand Pure & Natural Sour Cream (8 oz)\"": 0.4021344866078728, \""Celery Root (each)\"": 0.27836082505606907, \""Mini Sweet Peppers\"": 0.2780357426756849, \""Organic Valley Whole Milk (0.5 gal)\"": 0.5875346031756888, \""Organic Leeks (bunch)\"": 0.3255186481246566, \""Bag Fee\"": 0.0, \""Bottle Deposit aka CRV\"": 0.0, \""Unknown Item\"": 0.20322489346856767}, \""PEPPERS CV MINI SW\"": {\""Eden Organic Black Eyed Peas Canned (15 oz)\"": 0.2697110331993794, \""Daisy Brand Pure & Natural Sour Cream (8 oz)\"": 0.2295434239072317, \""Celery Root (each)\"": 0.26405452813322217, \""Mini Sweet Peppers\"": 0.5912224973952658, \""Organic Valley Whole Milk (0.5 gal)\"": 0.20508298601268943, \""Organic Leeks (bunch)\"": 0.25432226949998027, \""Bag Fee\"": 0.0, \""Bottle Deposit aka CRV\"": 0.0, \""Unknown Item\"": 0.20885469808086107}, \""LEEKS OG\"": {\""Eden Organic Black Eyed Peas Canned (15 oz)\"": 0.22704660070736507, \""Daisy Brand Pure & Natural Sour Cream (8 oz)\"": 0.1896806182328477, \""Celery Root (each)\"": 0.32910496466428535, \""Mini Sweet Peppers\"": 0.28391083796270705, \""Organic Valley Whole Milk (0.5 gal)\"": 0.2024626798238653, \""Organic Leeks (bunch)\"": 0.5332693528818125, \""Bag Fee\"": 0.0, \""Bottle Deposit aka CRV\"": 0.0, \""Unknown Item\"": 0.22252212889391113}, \""DAISY SOUR CRM 8OZ\"": {\""Eden Organic Black Eyed Peas Canned (15 oz)\"": 0.29787365780847336, \""Daisy Brand Pure & Natural Sour Cream (8 oz)\"": 0.6515368096718944, \""Celery Root (each)\"": 0.296543995520113, \""Mini Sweet Peppers\"": 0.31395617320904035, \""Organic Valley Whole Milk (0.5 gal)\"": 0.3490656175057049, \""Organic Leeks (bunch)\"": 0.28979189335020766, \""Bag Fee\"": 0.2468890766825919, \""Bottle Deposit aka CRV\"": 0.3238276981129964, \""Unknown Item\"": 0.19985914185277176}, \""EDEN BLACK EYE PEA\"": {\""Eden Organic Black Eyed Peas Canned (15 oz)\"": 0.612775327414991, \""Daisy Brand Pure & Natural Sour Cream (8 oz)\"": 0.18643311279682317, \""Celery Root (each)\"": 0.25524924921948233, \""Mini Sweet Peppers\"": 0.30648302937787975, \""Organic Valley Whole Milk (0.5 gal)\"": 0.1504271758864541, \""Organic Leeks (bunch)\"": 0.23053486447928054, \""Bag Fee\"": 0.0, \""Bottle Deposit aka CRV\"": 0.0, \""Unknown Item\"": 0.218111559912197}, \""RUTABAGAS CV\"": {\""Eden Organic Black Eyed Peas Canned (15 oz)\"": 0.2856466949216174, \""Daisy Brand Pure & Natural Sour Cream (8 oz)\"": 0.24546029860724322, \""Celery Root (each)\"": 0.46436986349871223, \""Mini Sweet Peppers\"": 0.36844861668532786, \""Organic Valley Whole Milk (0.5 gal)\"": 0.24631485973619938, \""Organic Leeks (bunch)\"": 0.37180761358181286, \""Bag Fee\"": 0.0, \""Bottle Deposit aka CRV\"": 0.0, \""Unknown Item\"": 0.23869051405781935}, \""Unknown Item\"": {\""Eden Organic Black Eyed Peas Canned (15 oz)\"": 0.14683589983613837, \""Daisy Brand Pure & Natural Sour Cream (8 oz)\"": 0.17601081408082614, \""Celery Root (each)\"": 0.22947881317221405, \""Mini Sweet Peppers\"": 0.16103921301056373, \""Organic Valley Whole Milk (0.5 gal)\"": 0.18756595432989434, \""Organic Leeks (bunch)\"": 0.22112557733218574, \""Bag Fee\"": 0.30045181350725836, \""Bottle Deposit aka CRV\"": 0.21780083580756754, \""Unknown Item\"": 0.9990009990989842}}""
  },
  {
    ""key"": ""total_amount"",
    ""value"": ""{\""money\"": {\""unit_amount\"": 2642, \""currency\"": \""USD\"", \""display_string\"": \""None26.42\"", \""decimal_places\"": 2, \""sign\"": null, \""symbol\"": null}, \""confidence_score\"": 1.0}""
  },
  {
    ""key"": ""discount_amount"",
    ""value"": ""{\""money\"": {\""unit_amount\"": 0, \""currency\"": \""USD\"", \""display_string\"": \""None0.00\"", \""decimal_places\"": 2, \""sign\"": null, \""symbol\"": null}, \""confidence_score\"": 1.0}""
  },
  {
    ""key"": ""business_id"",
    ""value"": ""11604623""
  },
  {
    ""key"": ""subtotal_amount"",
    ""value"": ""{\""money\"": {\""unit_amount\"": 2642, \""currency\"": \""USD\"", \""display_string\"": \""None26.42\"", \""decimal_places\"": 2, \""sign\"": null, \""symbol\"": null}, \""confidence_score\"": 1.0}""
  },
  {
    ""key"": ""tax_confidence_score"",
    ""value"": ""1.0""
  },
  {
    ""key"": ""matched_item_info"",
    ""value"": ""[{\""merchant_supplied_id\"": \""00093966513004\"", \""display_name\"": \""Organic Valley Whole Milk (0.5 gal)\"", \""ocr_description\"": \""OV MILK WHOLE\"", \""quantity\"": {\""value\"": 1.0}, \""price_per_unit\"": {\""unit_amount\"": 1098, \""currency\"": \""USD\"", \""display_string\"": \""None10.98\"", \""decimal_places\"": 2, \""sign\"": null, \""symbol\"": null}, \""item_price\"": {\""unit_amount\"": 1098, \""currency\"": \""USD\"", \""display_string\"": \""None10.98\"", \""decimal_places\"": 2, \""sign\"": null, \""symbol\"": null}, \""non_discount_price_per_unit\"": {\""unit_amount\"": 0, \""currency\"": \""USD\"", \""display_string\"": \""None0.00\"", \""decimal_places\"": 2, \""sign\"": null, \""symbol\"": null}, \""non_discount_item_price\"": {\""unit_amount\"": 0, \""currency\"": \""USD\"", \""display_string\"": \""None0.00\"", \""decimal_places\"": 2, \""sign\"": null, \""symbol\"": null}, \""sold_by_weight\"": false, \""confidence_score\"": 1.0}, {\""merchant_supplied_id\"": \""00874896005575\"", \""display_name\"": \""Mini Sweet Peppers\"", \""ocr_description\"": \""PEPPERS CV MINI SW\"", \""quantity\"": {\""value\"": 1.0}, \""price_per_unit\"": {\""unit_amount\"": 499, \""currency\"": \""USD\"", \""display_string\"": \""None4.99\"", \""decimal_places\"": 2, \""sign\"": null, \""symbol\"": null}, \""item_price\"": {\""unit_amount\"": 499, \""currency\"": \""USD\"", \""display_string\"": \""None4.99\"", \""decimal_places\"": 2, \""sign\"": null, \""symbol\"": null}, \""non_discount_price_per_unit\"": {\""unit_amount\"": 0, \""currency\"": \""USD\"", \""display_string\"": \""None0.00\"", \""decimal_places\"": 2, \""sign\"": null, \""symbol\"": null}, \""non_discount_item_price\"": {\""unit_amount\"": 0, \""currency\"": \""USD\"", \""display_string\"": \""None0.00\"", \""decimal_places\"": 2, \""sign\"": null, \""symbol\"": null}, \""sold_by_weight\"": false, \""confidence_score\"": 1.0}, {\""merchant_supplied_id\"": \""94629\"", \""display_name\"": \""Organic Leeks (bunch)\"", \""ocr_description\"": \""LEEKS OG\"", \""quantity\"": {\""value\"": 0.39}, \""price_per_unit\"": {\""unit_amount\"": 400, \""currency\"": \""USD\"", \""display_string\"": \""None4.00\"", \""decimal_places\"": 2, \""sign\"": null, \""symbol\"": null}, \""item_price\"": {\""unit_amount\"": 156, \""currency\"": \""USD\"", \""display_string\"": \""None1.56\"", \""decimal_places\"": 2, \""sign\"": null, \""symbol\"": null}, \""non_discount_price_per_unit\"": {\""unit_amount\"": 0, \""currency\"": \""USD\"", \""display_string\"": \""None0.00\"", \""decimal_places\"": 2, \""sign\"": null, \""symbol\"": null}, \""non_discount_item_price\"": {\""unit_amount\"": 0, \""currency\"": \""USD\"", \""display_string\"": \""None0.00\"", \""decimal_places\"": 2, \""sign\"": null, \""symbol\"": null}, \""sold_by_weight\"": true, \""confidence_score\"": 1.0}, {\""merchant_supplied_id\"": \""00073420000066\"", \""display_name\"": \""Daisy Brand Pure & Natural Sour Cream (8 oz)\"", \""ocr_description\"": \""DAISY SOUR CRM 8OZ\"", \""quantity\"": {\""value\"": 1.0}, \""price_per_unit\"": {\""unit_amount\"": 150, \""currency\"": \""USD\"", \""display_string\"": \""None1.50\"", \""decimal_places\"": 2, \""sign\"": null, \""symbol\"": null}, \""item_price\"": {\""unit_amount\"": 150, \""currency\"": \""USD\"", \""display_string\"": \""None1.50\"", \""decimal_places\"": 2, \""sign\"": null, \""symbol\"": null}, \""non_discount_price_per_unit\"": {\""unit_amount\"": 0, \""currency\"": \""USD\"", \""display_string\"": \""None0.00\"", \""decimal_places\"": 2, \""sign\"": null, \""symbol\"": null}, \""non_discount_item_price\"": {\""unit_amount\"": 0, \""currency\"": \""USD\"", \""display_string\"": \""None0.00\"", \""decimal_places\"": 2, \""sign\"": null, \""symbol\"": null}, \""sold_by_weight\"": false, \""confidence_score\"": 1.0}, {\""merchant_supplied_id\"": \""00024182002591\"", \""display_name\"": \""Eden Organic Black Eyed Peas Canned (15 oz)\"", \""ocr_description\"": \""EDEN BLACK EYE PEA\"", \""quantity\"": {\""value\"": 1.0}, \""price_per_unit\"": {\""unit_amount\"": 399, \""currency\"": \""USD\"", \""display_string\"": \""None3.99\"", \""decimal_places\"": 2, \""sign\"": null, \""symbol\"": null}, \""item_price\"": {\""unit_amount\"": 399, \""currency\"": \""USD\"", \""display_string\"": \""None3.99\"", \""decimal_places\"": 2, \""sign\"": null, \""symbol\"": null}, \""non_discount_price_per_unit\"": {\""unit_amount\"": 0, \""currency\"": \""USD\"", \""display_string\"": \""None0.00\"", \""decimal_places\"": 2, \""sign\"": null, \""symbol\"": null}, \""non_discount_item_price\"": {\""unit_amount\"": 0, \""currency\"": \""USD\"", \""display_string\"": \""None0.00\"", \""decimal_places\"": 2, \""sign\"": null, \""symbol\"": null}, \""sold_by_weight\"": false, \""confidence_score\"": 1.0}, {\""merchant_supplied_id\"": \""4585\"", \""display_name\"": \""Celery Root (each)\"", \""ocr_description\"": \""RUTABAGAS CV\"", \""quantity\"": {\""value\"": 1.71}, \""price_per_unit\"": {\""unit_amount\"": 199, \""currency\"": \""USD\"", \""display_string\"": \""None1.99\"", \""decimal_places\"": 2, \""sign\"": null, \""symbol\"": null}, \""item_price\"": {\""unit_amount\"": 340, \""currency\"": \""USD\"", \""display_string\"": \""None3.40\"", \""decimal_places\"": 2, \""sign\"": null, \""symbol\"": null}, \""non_discount_price_per_unit\"": {\""unit_amount\"": 0, \""currency\"": \""USD\"", \""display_string\"": \""None0.00\"", \""decimal_places\"": 2, \""sign\"": null, \""symbol\"": null}, \""non_discount_item_price\"": {\""unit_amount\"": 0, \""currency\"": \""USD\"", \""display_string\"": \""None0.00\"", \""decimal_places\"": 2, \""sign\"": null, \""symbol\"": null}, \""sold_by_weight\"": true, \""confidence_score\"": 1.0}]""
  },
  {
    ""key"": ""bag_fee_info"",
    ""value"": ""{\""quantity\"": {\""value\"": 0}, \""price_per_unit\"": {\""unit_amount\"": 0, \""currency\"": \""USD\"", \""display_string\"": \""None0.00\"", \""decimal_places\"": 2, \""sign\"": null, \""symbol\"": null}, \""item_price\"": {\""unit_amount\"": 0, \""currency\"": \""USD\"", \""display_string\"": \""None0.00\"", \""decimal_places\"": 2, \""sign\"": null, \""symbol\"": null}, \""confidence_score\"": 1.0}""
  },
  {
    ""key"": ""blink_items_df"",
    ""value"": ""{\""ocr_description\"": {\""0\"": \""OV MILK WHOLE\"", \""1\"": \""PEPPERS CV MINI SW\"", \""2\"": \""LEEKS OG\"", \""3\"": \""DAISY SOUR CRM 8OZ\"", \""4\"": \""EDEN BLACK EYE PEA\"", \""5\"": \""RUTABAGAS CV\"", \""6\"": \""discount_cents\"", \""7\"": \""subtotal_cents\"", \""8\"": \""total_tax_cents\"", \""9\"": \""total_cents\""}, \""quantity\"": {\""0\"": 1.0, \""1\"": 1.0, \""2\"": 0.39, \""3\"": 1.0, \""4\"": 1.0, \""5\"": 1.71, \""6\"": NaN, \""7\"": NaN, \""8\"": NaN, \""9\"": NaN}, \""price_per_unit_cents\"": {\""0\"": 1098.0, \""1\"": 499.0, \""2\"": 400.0, \""3\"": 150.0, \""4\"": 399.0, \""5\"": 199.0, \""6\"": NaN, \""7\"": NaN, \""8\"": NaN, \""9\"": NaN}, \""item_price_cents\"": {\""0\"": 1098, \""1\"": 499, \""2\"": 156, \""3\"": 150, \""4\"": 399, \""5\"": 340, \""6\"": 0, \""7\"": 2642, \""8\"": 0, \""9\"": 2642}}""
  },
  {
    ""key"": ""input_swipe_amount"",
    ""value"": ""2642""
  },
  {
    ""key"": ""is_legible"",
    ""value"": ""true""
  },
  {
    ""key"": ""input_item_info"",
    ""value"": ""[{\""merchant_supplied_id\"": \""00024182002591\"", \""display_name\"": \""Eden Organic Black Eyed Peas Canned (15 oz)\"", \""scanned_barcode\"": null}, {\""merchant_supplied_id\"": \""00073420000066\"", \""display_name\"": \""Daisy Brand Pure & Natural Sour Cream (8 oz)\"", \""scanned_barcode\"": null}, {\""merchant_supplied_id\"": \""4585\"", \""display_name\"": \""Celery Root (each)\"", \""scanned_barcode\"": null}, {\""merchant_supplied_id\"": \""00874896005575\"", \""display_name\"": \""Mini Sweet Peppers\"", \""scanned_barcode\"": null}, {\""merchant_supplied_id\"": \""00093966513004\"", \""display_name\"": \""Organic Valley Whole Milk (0.5 gal)\"", \""scanned_barcode\"": null}, {\""merchant_supplied_id\"": \""94629\"", \""display_name\"": \""Organic Leeks (bunch)\"", \""scanned_barcode\"": null}]""
  },
  {
    ""key"": ""url"",
    ""value"": ""\""https://img.cdn4dd.com/cdn-cgi/image/format=auto/https://doordash-static.s3.amazonaws.com/media/photosV2/25c342f9-f070-45ff-bfeb-5ca22e307178-retina-large.jpeg\""""
  },
  {
    ""key"": ""sanity_checks"",
    ""value"": ""{\""swipe_match\"": true, \""subtotal_match\"": true, \""tax_match\"": true, \""items_length_match\"": true, \""ok_ocr_name_deduping\"": true, \""item_price_reasonableness\"": true, \""weights_look_ok\"": true, \""bag_fee_max_price\"": true, \""bottle_fee_max_price\"": true, \""bag_fee_max_count\"": true, \""bottle_fee_max_count\"": true, \""tax_vs_subtotal_sanity_check\"": true, \""has_no_unknown_items\"": true, \""has_no_missing_items\"": true, \""delivery_discounts_are_nonzero\"": true}""
  },
  {
    ""key"": ""bottle_fee_info"",
    ""value"": ""{\""quantity\"": {\""value\"": 0}, \""price_per_unit\"": {\""unit_amount\"": 0, \""currency\"": \""USD\"", \""display_string\"": \""None0.00\"", \""decimal_places\"": 2, \""sign\"": null, \""symbol\"": null}, \""item_price\"": {\""unit_amount\"": 0, \""currency\"": \""USD\"", \""display_string\"": \""None0.00\"", \""decimal_places\"": 2, \""sign\"": null, \""symbol\"": null}, \""confidence_score\"": 1.0}""
  },
  {
    ""key"": ""delivery_uuid"",
    ""value"": ""\""65921f68-237e-3001-bc9b-5ef3877c801e\""""
  },
  {
    ""key"": ""missing_item_info"",
    ""value"": ""[]""
  },
  {
    ""key"": ""tax_amount"",
    ""value"": ""{\""money\"": {\""unit_amount\"": 0, \""currency\"": \""USD\"", \""display_string\"": \""None0.00\"", \""decimal_places\"": 2, \""sign\"": null, \""symbol\"": null}, \""confidence_score\"": 1.0}""
  },
  {
    ""key"": ""confidence_score"",
    ""value"": ""1.0""
  },
  {
    ""key"": ""raw_blink_receipt"",
    ""value"": ""{\""banner_id\"": 77, \""cashier\"": {\""confidence\"": 99.96134948730469, \""value\"": \""2\""}, \""channel\"": {\""confidence\"": 100, \""value\"": \""Food\""}, \""date\"": {\""confidence\"": 99.96134948730469, \""value\"": \""09/08/2024\""}, \""isDigital\"": false, \""isFraudulent\"": false, \""is_blurry\"": false, \""is_instacart_shopper\"": false, \""is_receipt\"": true, \""is_screen\"": false, \""item_confidence\"": 99, \""last4cc\"": {\""confidence\"": 99.98612976074219, \""value\"": \""2255\""}, \""merchant_confidence\"": 100, \""merchant_name\"": \""The Fresh Market\"", \""ocr_confidence\"": 99.5003890991211, \""paymentMethods\"": [{\""amount\"": {\""confidence\"": 0, \""value\"": 26.42}, \""cardType\"": {\""confidence\"": 100, \""value\"": \""Mastercard\""}, \""method\"": {\""confidence\"": 99.98182678222656, \""value\"": \""Credit\""}}], \""phones\"": [{\""confidence\"": 99.91818237304688, \""value\"": \""631-265-5970\""}], \""products\"": [{\""line\"": 1008, \""price\"": {\""confidence\"": 99.49242401123047, \""value\"": 10.98}, \""price_postfix\"": \""F\"", \""qty\"": {\""confidence\"": 0, \""value\"": 1}, \""rsd\"": {\""confidence\"": 99.91879272460938, \""original_case_value\"": \""OV MILK WHOLE\"", \""value\"": \""OV MILK WHOLE\""}, \""totalPrice\"": {\""confidence\"": 0, \""value\"": 10.98}}, {\""line\"": 1009, \""price\"": {\""confidence\"": 99.87545013427734, \""value\"": 4.99}, \""price_postfix\"": \""F\"", \""qty\"": {\""confidence\"": 0, \""value\"": 1}, \""rsd\"": {\""confidence\"": 99.95984649658203, \""original_case_value\"": \""PEPPERS CV MINI SW\"", \""value\"": \""PEPPERS CV MINI SW\""}, \""totalPrice\"": {\""confidence\"": 0, \""value\"": 4.99}}, {\""infoLines\"": [{\""line\"": 1011, \""text\"": {\""confidence\"": 100, \""value\"": \""0.39 lb @ 3.99 /lb\""}, \""type\"": {\""confidence\"": 100, \""value\"": \""Weight\""}}, {\""line\"": 1012, \""text\"": {\""confidence\"": 100, \""value\"": \""1 @ 273.00\""}, \""type\"": {\""confidence\"": 100, \""value\"": \""Quantity\""}}], \""line\"": 1010, \""price\"": {\""confidence\"": 0, \""value\"": 3.99}, \""price_postfix\"": \""F\"", \""qty\"": {\""confidence\"": 0, \""value\"": 0.39}, \""rsd\"": {\""confidence\"": 100, \""original_case_value\"": \""LEEKS OG\"", \""value\"": \""LEEKS OG\""}, \""rsd_prefix\"": \""WT \"", \""totalPrice\"": {\""confidence\"": 0, \""value\"": 1.56}, \""uom\"": {\""confidence\"": 0, \""value\"": \""lb\""}}, {\""infoLines\"": [{\""line\"": 1012, \""text\"": {\""confidence\"": 100, \""value\"": \""1 @ 273.00\""}, \""type\"": {\""confidence\"": 100, \""value\"": \""Quantity\""}}], \""line\"": 1013, \""price\"": {\""confidence\"": 99.28144073486328, \""value\"": 1.5}, \""price_postfix\"": \""F\"", \""qty\"": {\""confidence\"": 0, \""value\"": 1}, \""rsd\"": {\""confidence\"": 99.28144073486328, \""original_case_value\"": \""DAISY SOUR CRM 8OZ\"", \""value\"": \""DAISY SOUR CRM 8OZ\""}, \""totalPrice\"": {\""confidence\"": 0, \""value\"": 1.5}}, {\""line\"": 1014, \""price\"": {\""confidence\"": 99.96195983886719, \""value\"": 3.99}, \""price_postfix\"": \""F\"", \""qty\"": {\""confidence\"": 0, \""value\"": 1}, \""rsd\"": {\""confidence\"": 99.90067291259766, \""original_case_value\"": \""EDEN BLACK EYE PEA\"", \""value\"": \""EDEN BLACK EYE PEA\""}, \""totalPrice\"": {\""confidence\"": 0, \""value\"": 3.99}}, {\""infoLines\"": [{\""line\"": 1016, \""text\"": {\""confidence\"": 100, \""value\"": \""1.71 lb @ 1.99 /lb\""}, \""type\"": {\""confidence\"": 100, \""value\"": \""Weight\""}}], \""line\"": 1015, \""price\"": {\""confidence\"": 0, \""value\"": 1.99}, \""price_postfix\"": \""F\"", \""qty\"": {\""confidence\"": 0, \""value\"": 1.71}, \""rsd\"": {\""confidence\"": 100, \""original_case_value\"": \""RUTABAGAS CV\"", \""value\"": \""RUTABAGAS CV\""}, \""rsd_prefix\"": \""WT \"", \""totalPrice\"": {\""confidence\"": 0, \""value\"": 3.4}, \""uom\"": {\""confidence\"": 0, \""value\"": \""lb\""}}], \""purchase_type\"": \""In-Store\"", \""raw_basket\"": \""OV MILK WHOLE 10.98 F\\nPEPPERS CV MINI SW 4.99 F\\nWT LEEKS OG 1.56 F\\n0.39 lb @ 3.99 /lb\\n1 @ 273.00\\nDAISY SOUR CRM 80Z 1.50 F\\nEDEN BLACK EYE PEA 3.99 F\\nWT RUTABAGAS CV 3.40 F\\n1.71 lb @ 1.99 /lb\\n\"", \""raw_text_array\"": [\""THE\\nFRESH\\nMARKET\\n-\\nSM: Tori Cafiero\\n(631) 265-5970\\n\\n5.49\\nOV MILK WHOLE 10.98 F\\nPEPPERS CV MINI SW 4.99 F\\nWT LEEKS OG 1.56 F\\n0.39 lb @ 3.99 /lb\\n1 @ 273.00\\nDAISY SOUR CRM 80Z 1.50 F\\nEDEN BLACK EYE PEA 3.99 F\\nWT RUTABAGAS CV 3.40 F\\n1.71 lb @ 1.99 /lb\\nTAX 0.00\\n**** BALANCE 26.42\\n**************************************\\nCard Number: ************2255\\nTYPE: Purchase\\n(Signature Not Required)\\nPOS Entry Mode: 07\\nHost Return Code: 000\\nMASTER CARD 26.42\\nCHANGE 0.00\\nTOTAL NUMBER OF ITEMS SOLD = 7\\n09/08/24 01:53pm 210 2 42 10047910\\nYour Loyalty ID was not found by our\\nsystem. Be sure to sign up at\\nwww.thefreshmarket.com/register\\nand register today for\\nThe Ultimate Loyalty Experience.\\n\\n138 E. Main St, Smithtown, NY\\nYour Cashier: James\\n\\n\\nHOW TO JOIN OR QUESTIONS ABOUT THE\\nULTIMATE LOYALTY\\nEXPERIENCE(SM\\n\\nCONTACT US AT 866-817-4367\\nOR Scan the QR Code to Signup\\n\""], \""raw_trip_footer\"": \""TAX 0.00\\n**** BALANCE 26.42\\n**************************************\\nCard Number : ************2255\\nTYPE: Purchase\\n(Signature Not Required)\\nPOS Entry Mode: 07\\nHost Return Code: 000\\nMASTER CARD 26.42\\nCHANGE 0.00\\nTOTAL NUMBER OF ITEMS SOLD = 7\\n09/08/24 01:53pm 210 2 42 10047910\\nYour Loyalty ID was not found by our\\nsystem. Be sure to sign up at\\nwww.thefreshmarket.com/register\\nand register today for\\nThe Ultimate Loyalty Experience.\\n138 E. Main St, Smithtown, NY\\nYour Cashier: James\\nHOW TO JOIN OR QUESTIONS ABOUT THE\\nULTIMATE LOYALTY\\nEXPERIENCE(SM\\nCONTACT US AT 866-817-4367\\nOR Scan the QR Code to Signup\\n\"", \""raw_trip_header\"": \""THE\\nFRESH\\nMARKET\\n-\\nSM: Tori Cafiero\\n(631) 265-5970\\n5.49\\n\"", \""register\"": {\""confidence\"": 99.96134948730469, \""value\"": \""42\""}, \""store\"": {\""confidence\"": 99.96134948730469, \""value\"": \""210\""}, \""store_city\"": {\""confidence\"": 100, \""value\"": \""Smithtown\""}, \""store_state\"": {\""confidence\"": 100, \""value\"": \""NY\""}, \""store_street\"": {\""confidence\"": 100, \""value\"": \""138 East Main Street\""}, \""store_zip\"": {\""confidence\"": 100, \""value\"": \""11787\""}, \""subtotal\"": {\""confidence\"": 100, \""value\"": 26.42}, \""taxes\"": {\""confidence\"": 99.95771789550781, \""value\"": 0}, \""time\"": {\""confidence\"": 99.96134948730469, \""value\"": \""13:53\""}, \""total\"": {\""confidence\"": 95, \""value\"": 26.42}, \""transaction\"": {\""confidence\"": 99.96134948730469, \""value\"": \""10047910\""}, \""trip_confidence\"": 100, \""blink_receipt_id\"": \""44957ab9-9458-4084-a621-afc23207b3cc\"", \""cashback\"": 0, \""image_urls\"": [\""https://img.cdn4dd.com/cdn-cgi/image/format=auto/https://doordash-static.s3.amazonaws.com/media/photosV2/25c342f9-f070-45ff-bfeb-5ca22e307178-retina-large.jpeg\""], \""country_code\"": \""US\"", \""api_version\"": 14}""
  }
]"
"[
  {
    ""key"": ""unmatched_item_info"",
    ""value"": ""[]""
  },
  {
    ""key"": ""embedding_matching_df"",
    ""value"": ""{\""HEFTY SLIDER VP ST\"": {\""Taylor Farms Salsa Ranch Chopped Kit Salad (12.45 oz)\"": 0.29206981192837633, \""Healthy Choice Cafe Steamers Mexican Style Street Corn Meal (9.25 oz)\"": 0.25989172769068497, \""Seedless Green Grapes (each)\"": 0.20858878114659724, \""Healthy Choice Frozen Simply Steamers Chicken & Vegetable (9.25 oz)\"": 0.2924440642305469, \""Marie Callender's Frozen Slow Roasted Beef Pot Roast (11 oz)\"": 0.30327933159203535, \""Healthy Choice Cafe Steamers Frozen Chicken Pot Pie(9.6 oz)\"": 0.2673666436797581, \""Taylor Farms Asian Chopped Salad Kit with Asian Style Sesame Dressing (each)\"": 0.25348373603657476, \""Taylor Farms Mediterranean Crunch Chopped Salad Kit (11 oz)\"": 0.27992666073067607, \""Red Seedless Grapes (bunch)\"": 0.21764855049645465, \""Taylor Farms Avocado Ranch Chopped Salad Kit (12.8 oz)\"": 0.2946346227858424, \""Hefty Slider Storage Bag Quart (40 ct)\"": 0.5761618013498128, \""Bag Fee\"": 0.0, \""Bottle Deposit aka CRV\"": 0.0, \""Unknown Item\"": 0.22024701361288454}, \""MARIE CLNDRS SLOW\"": {\""Taylor Farms Salsa Ranch Chopped Kit Salad (12.45 oz)\"": 0.10024597267222048, \""Healthy Choice Cafe Steamers Mexican Style Street Corn Meal (9.25 oz)\"": 0.14582522525541436, \""Seedless Green Grapes (each)\"": 0.13038472822323116, \""Healthy Choice Frozen Simply Steamers Chicken & Vegetable (9.25 oz)\"": 0.14214726042164022, \""Marie Callender's Frozen Slow Roasted Beef Pot Roast (11 oz)\"": 0.33292322353716347, \""Healthy Choice Cafe Steamers Frozen Chicken Pot Pie(9.6 oz)\"": 0.1546536142725042, \""Taylor Farms Asian Chopped Salad Kit with Asian Style Sesame Dressing (each)\"": 0.0841263970030155, \""Taylor Farms Mediterranean Crunch Chopped Salad Kit (11 oz)\"": 0.09086368376728018, \""Red Seedless Grapes (bunch)\"": 0.14184338717171266, \""Taylor Farms Avocado Ranch Chopped Salad Kit (12.8 oz)\"": 0.07531900137788844, \""Hefty Slider Storage Bag Quart (40 ct)\"": 0.13290849779633182, \""Bag Fee\"": 0.0, \""Bottle Deposit aka CRV\"": 0.0, \""Unknown Item\"": 0.17790148469445616}, \""HC CHICKEN POT PIE\"": {\""Taylor Farms Salsa Ranch Chopped Kit Salad (12.45 oz)\"": 0.3371634473367623, \""Healthy Choice Cafe Steamers Mexican Style Street Corn Meal (9.25 oz)\"": 0.42106606540502006, \""Seedless Green Grapes (each)\"": 0.1701824000920526, \""Healthy Choice Frozen Simply Steamers Chicken & Vegetable (9.25 oz)\"": 0.48552196700215144, \""Marie Callender's Frozen Slow Roasted Beef Pot Roast (11 oz)\"": 0.45197558779401475, \""Healthy Choice Cafe Steamers Frozen Chicken Pot Pie(9.6 oz)\"": 0.5969549756284133, \""Taylor Farms Asian Chopped Salad Kit with Asian Style Sesame Dressing (each)\"": 0.3127106168960316, \""Taylor Farms Mediterranean Crunch Chopped Salad Kit (11 oz)\"": 0.3102318386349153, \""Red Seedless Grapes (bunch)\"": 0.17827064976457685, \""Taylor Farms Avocado Ranch Chopped Salad Kit (12.8 oz)\"": 0.3104211606811331, \""Hefty Slider Storage Bag Quart (40 ct)\"": 0.2690719883466886, \""Bag Fee\"": 0.0, \""Bottle Deposit aka CRV\"": 0.0, \""Unknown Item\"": 0.19399246893700092}, \""HEALTHY CHOICE\"": {\""Taylor Farms Salsa Ranch Chopped Kit Salad (12.45 oz)\"": 0.3188864880642124, \""Healthy Choice Cafe Steamers Mexican Style Street Corn Meal (9.25 oz)\"": 0.474394396934396, \""Seedless Green Grapes (each)\"": 0.28319892480822034, \""Healthy Choice Frozen Simply Steamers Chicken & Vegetable (9.25 oz)\"": 0.49861280115080653, \""Marie Callender's Frozen Slow Roasted Beef Pot Roast (11 oz)\"": 0.31102222963224546, \""Healthy Choice Cafe Steamers Frozen Chicken Pot Pie(9.6 oz)\"": 0.47842772177723175, \""Taylor Farms Asian Chopped Salad Kit with Asian Style Sesame Dressing (each)\"": 0.3257990790869556, \""Taylor Farms Mediterranean Crunch Chopped Salad Kit (11 oz)\"": 0.3500342192363902, \""Red Seedless Grapes (bunch)\"": 0.2975500548817607, \""Taylor Farms Avocado Ranch Chopped Salad Kit (12.8 oz)\"": 0.33255049088024047, \""Hefty Slider Storage Bag Quart (40 ct)\"": 0.27630016471814495, \""Bag Fee\"": 0.0, \""Bottle Deposit aka CRV\"": 0.0, \""Unknown Item\"": 0.18519462595477754}, \""HC CAFE STEAMERS\"": {\""Taylor Farms Salsa Ranch Chopped Kit Salad (12.45 oz)\"": 0.18382413845401027, \""Healthy Choice Cafe Steamers Mexican Style Street Corn Meal (9.25 oz)\"": 0.452589583106883, \""Seedless Green Grapes (each)\"": 0.20617275147276629, \""Healthy Choice Frozen Simply Steamers Chicken & Vegetable (9.25 oz)\"": 0.38551222944113406, \""Marie Callender's Frozen Slow Roasted Beef Pot Roast (11 oz)\"": 0.294717163574023, \""Healthy Choice Cafe Steamers Frozen Chicken Pot Pie(9.6 oz)\"": 0.4505892442437035, \""Taylor Farms Asian Chopped Salad Kit with Asian Style Sesame Dressing (each)\"": 0.20716595892476308, \""Taylor Farms Mediterranean Crunch Chopped Salad Kit (11 oz)\"": 0.19783140786555, \""Red Seedless Grapes (bunch)\"": 0.20062049739733762, \""Taylor Farms Avocado Ranch Chopped Salad Kit (12.8 oz)\"": 0.19390417915966884, \""Hefty Slider Storage Bag Quart (40 ct)\"": 0.24241009791147725, \""Bag Fee\"": 0.0, \""Bottle Deposit aka CRV\"": 0.0, \""Unknown Item\"": 0.1935958378970397}, \""TF SALAD CHOPPED\"": {\""Taylor Farms Salsa Ranch Chopped Kit Salad (12.45 oz)\"": 0.5593880246900288, \""Healthy Choice Cafe Steamers Mexican Style Street Corn Meal (9.25 oz)\"": 0.2655822957560144, \""Seedless Green Grapes (each)\"": 0.2570906131759347, \""Healthy Choice Frozen Simply Steamers Chicken & Vegetable (9.25 oz)\"": 0.29178889956239346, \""Marie Callender's Frozen Slow Roasted Beef Pot Roast (11 oz)\"": 0.25921376377630545, \""Healthy Choice Cafe Steamers Frozen Chicken Pot Pie(9.6 oz)\"": 0.2726896341542866, \""Taylor Farms Asian Chopped Salad Kit with Asian Style Sesame Dressing (each)\"": 0.5437652267614737, \""Taylor Farms Mediterranean Crunch Chopped Salad Kit (11 oz)\"": 0.5283745428921104, \""Red Seedless Grapes (bunch)\"": 0.283979480711821, \""Taylor Farms Avocado Ranch Chopped Salad Kit (12.8 oz)\"": 0.5350653474136562, \""Hefty Slider Storage Bag Quart (40 ct)\"": 0.2554651614435119, \""Bag Fee\"": 0.0, \""Bottle Deposit aka CRV\"": 0.0, \""Unknown Item\"": 0.22346586120825343}, \""MEDITERRANEAN CHOP\"": {\""Taylor Farms Salsa Ranch Chopped Kit Salad (12.45 oz)\"": 0.3748260442232965, \""Healthy Choice Cafe Steamers Mexican Style Street Corn Meal (9.25 oz)\"": 0.28732402317066824, \""Seedless Green Grapes (each)\"": 0.22320813069654308, \""Healthy Choice Frozen Simply Steamers Chicken & Vegetable (9.25 oz)\"": 0.30361805217862636, \""Marie Callender's Frozen Slow Roasted Beef Pot Roast (11 oz)\"": 0.27207051546403166, \""Healthy Choice Cafe Steamers Frozen Chicken Pot Pie(9.6 oz)\"": 0.2874483351032876, \""Taylor Farms Asian Chopped Salad Kit with Asian Style Sesame Dressing (each)\"": 0.3814806783251974, \""Taylor Farms Mediterranean Crunch Chopped Salad Kit (11 oz)\"": 0.48695823528814103, \""Red Seedless Grapes (bunch)\"": 0.25310007393548856, \""Taylor Farms Avocado Ranch Chopped Salad Kit (12.8 oz)\"": 0.3857468986116878, \""Hefty Slider Storage Bag Quart (40 ct)\"": 0.18386729944895996, \""Bag Fee\"": 0.0, \""Bottle Deposit aka CRV\"": 0.0, \""Unknown Item\"": 0.1828064123685113}, \""TF AVOCADO RANCH\"": {\""Taylor Farms Salsa Ranch Chopped Kit Salad (12.45 oz)\"": 0.500683662474574, \""Healthy Choice Cafe Steamers Mexican Style Street Corn Meal (9.25 oz)\"": 0.31529799338427905, \""Seedless Green Grapes (each)\"": 0.2298588246414525, \""Healthy Choice Frozen Simply Steamers Chicken & Vegetable (9.25 oz)\"": 0.28042758189362116, \""Marie Callender's Frozen Slow Roasted Beef Pot Roast (11 oz)\"": 0.2633798709796581, \""Healthy Choice Cafe Steamers Frozen Chicken Pot Pie(9.6 oz)\"": 0.2703717337974514, \""Taylor Farms Asian Chopped Salad Kit with Asian Style Sesame Dressing (each)\"": 0.4120596553588123, \""Taylor Farms Mediterranean Crunch Chopped Salad Kit (11 oz)\"": 0.41864357073977426, \""Red Seedless Grapes (bunch)\"": 0.2556327745546123, \""Taylor Farms Avocado Ranch Chopped Salad Kit (12.8 oz)\"": 0.5666900186720958, \""Hefty Slider Storage Bag Quart (40 ct)\"": 0.235261917687252, \""Bag Fee\"": 0.0, \""Bottle Deposit aka CRV\"": 0.0, \""Unknown Item\"": 0.19268447396668512}, \""TF ASIAN CHPO SALD\"": {\""Taylor Farms Salsa Ranch Chopped Kit Salad (12.45 oz)\"": 0.3151915986777029, \""Healthy Choice Cafe Steamers Mexican Style Street Corn Meal (9.25 oz)\"": 0.20979833275255982, \""Seedless Green Grapes (each)\"": 0.14271848161283673, \""Healthy Choice Frozen Simply Steamers Chicken & Vegetable (9.25 oz)\"": 0.21064127444561967, \""Marie Callender's Frozen Slow Roasted Beef Pot Roast (11 oz)\"": 0.16203945135557862, \""Healthy Choice Cafe Steamers Frozen Chicken Pot Pie(9.6 oz)\"": 0.19617378327401502, \""Taylor Farms Asian Chopped Salad Kit with Asian Style Sesame Dressing (each)\"": 0.40946768184378984, \""Taylor Farms Mediterranean Crunch Chopped Salad Kit (11 oz)\"": 0.28087741534928806, \""Red Seedless Grapes (bunch)\"": 0.17948734250939433, \""Taylor Farms Avocado Ranch Chopped Salad Kit (12.8 oz)\"": 0.29550617646334476, \""Hefty Slider Storage Bag Quart (40 ct)\"": 0.16058769716707896, \""Bag Fee\"": 0.0, \""Bottle Deposit aka CRV\"": 0.0, \""Unknown Item\"": 0.1662265118522802}, \""GREEN SDLSS GRAPES\"": {\""Taylor Farms Salsa Ranch Chopped Kit Salad (12.45 oz)\"": 0.2511076377314286, \""Healthy Choice Cafe Steamers Mexican Style Street Corn Meal (9.25 oz)\"": 0.17316675127541273, \""Seedless Green Grapes (each)\"": 0.5279054306108679, \""Healthy Choice Frozen Simply Steamers Chicken & Vegetable (9.25 oz)\"": 0.197780086640504, \""Marie Callender's Frozen Slow Roasted Beef Pot Roast (11 oz)\"": 0.13356828692321815, \""Healthy Choice Cafe Steamers Frozen Chicken Pot Pie(9.6 oz)\"": 0.14922445188403927, \""Taylor Farms Asian Chopped Salad Kit with Asian Style Sesame Dressing (each)\"": 0.24771112507583248, \""Taylor Farms Mediterranean Crunch Chopped Salad Kit (11 oz)\"": 0.25203796119626676, \""Red Seedless Grapes (bunch)\"": 0.5252370659901148, \""Taylor Farms Avocado Ranch Chopped Salad Kit (12.8 oz)\"": 0.2583349084284768, \""Hefty Slider Storage Bag Quart (40 ct)\"": 0.21501336517408126, \""Bag Fee\"": 0.0, \""Bottle Deposit aka CRV\"": 0.0, \""Unknown Item\"": 0.24059584745775975}, \""RED SOLS GRAPES\"": {\""Taylor Farms Salsa Ranch Chopped Kit Salad (12.45 oz)\"": 0.26849803326012606, \""Healthy Choice Cafe Steamers Mexican Style Street Corn Meal (9.25 oz)\"": 0.20678519723098018, \""Seedless Green Grapes (each)\"": 0.4536182040878078, \""Healthy Choice Frozen Simply Steamers Chicken & Vegetable (9.25 oz)\"": 0.1689700870561956, \""Marie Callender's Frozen Slow Roasted Beef Pot Roast (11 oz)\"": 0.19884593012428414, \""Healthy Choice Cafe Steamers Frozen Chicken Pot Pie(9.6 oz)\"": 0.14391602554973099, \""Taylor Farms Asian Chopped Salad Kit with Asian Style Sesame Dressing (each)\"": 0.22000046335742554, \""Taylor Farms Mediterranean Crunch Chopped Salad Kit (11 oz)\"": 0.25339158423169317, \""Red Seedless Grapes (bunch)\"": 0.5416217668376627, \""Taylor Farms Avocado Ranch Chopped Salad Kit (12.8 oz)\"": 0.257283563055356, \""Hefty Slider Storage Bag Quart (40 ct)\"": 0.18237050796765428, \""Bag Fee\"": 0.0, \""Bottle Deposit aka CRV\"": 0.0, \""Unknown Item\"": 0.18042211991935095}, \""Unknown Item\"": {\""Taylor Farms Salsa Ranch Chopped Kit Salad (12.45 oz)\"": 0.1898854998679001, \""Healthy Choice Cafe Steamers Mexican Style Street Corn Meal (9.25 oz)\"": 0.11955147174500014, \""Seedless Green Grapes (each)\"": 0.22025034955789377, \""Healthy Choice Frozen Simply Steamers Chicken & Vegetable (9.25 oz)\"": 0.15197252249370788, \""Marie Callender's Frozen Slow Roasted Beef Pot Roast (11 oz)\"": 0.1401275837743452, \""Healthy Choice Cafe Steamers Frozen Chicken Pot Pie(9.6 oz)\"": 0.1512818531820309, \""Taylor Farms Asian Chopped Salad Kit with Asian Style Sesame Dressing (each)\"": 0.15303279217764848, \""Taylor Farms Mediterranean Crunch Chopped Salad Kit (11 oz)\"": 0.19037342596053536, \""Red Seedless Grapes (bunch)\"": 0.2419946318212413, \""Taylor Farms Avocado Ranch Chopped Salad Kit (12.8 oz)\"": 0.1840736412513631, \""Hefty Slider Storage Bag Quart (40 ct)\"": 0.19601310983125492, \""Bag Fee\"": 0.30048564178554676, \""Bottle Deposit aka CRV\"": 0.21780083580756754, \""Unknown Item\"": 0.9990009990989842}}""
  },
  {
    ""key"": ""total_amount"",
    ""value"": ""{\""money\"": {\""unit_amount\"": 7955, \""currency\"": \""USD\"", \""display_string\"": \""None79.55\"", \""decimal_places\"": 2, \""sign\"": null, \""symbol\"": null}, \""confidence_score\"": 1.0}""
  },
  {
    ""key"": ""discount_amount"",
    ""value"": ""{\""money\"": {\""unit_amount\"": 0, \""currency\"": \""USD\"", \""display_string\"": \""None0.00\"", \""decimal_places\"": 2, \""sign\"": null, \""symbol\"": null}, \""confidence_score\"": 1.0}""
  },
  {
    ""key"": ""business_id"",
    ""value"": ""600479""
  },
  {
    ""key"": ""subtotal_amount"",
    ""value"": ""{\""money\"": {\""unit_amount\"": 7955, \""currency\"": \""USD\"", \""display_string\"": \""None79.55\"", \""decimal_places\"": 2, \""sign\"": null, \""symbol\"": null}, \""confidence_score\"": 1.0}""
  },
  {
    ""key"": ""tax_confidence_score"",
    ""value"": ""1.0""
  },
  {
    ""key"": ""matched_item_info"",
    ""value"": ""[{\""merchant_supplied_id\"": \""74400356\"", \""display_name\"": \""Hefty Slider Storage Bag Quart (40 ct)\"", \""ocr_description\"": \""HEFTY SLIDER VP ST\"", \""quantity\"": {\""value\"": 1.0}, \""price_per_unit\"": {\""unit_amount\"": 549, \""currency\"": \""USD\"", \""display_string\"": \""None5.49\"", \""decimal_places\"": 2, \""sign\"": null, \""symbol\"": null}, \""item_price\"": {\""unit_amount\"": 549, \""currency\"": \""USD\"", \""display_string\"": \""None5.49\"", \""decimal_places\"": 2, \""sign\"": null, \""symbol\"": null}, \""non_discount_price_per_unit\"": {\""unit_amount\"": 599, \""currency\"": \""USD\"", \""display_string\"": \""None5.99\"", \""decimal_places\"": 2, \""sign\"": null, \""symbol\"": null}, \""non_discount_item_price\"": {\""unit_amount\"": 599, \""currency\"": \""USD\"", \""display_string\"": \""None5.99\"", \""decimal_places\"": 2, \""sign\"": null, \""symbol\"": null}, \""sold_by_weight\"": false, \""confidence_score\"": 1.0}, {\""merchant_supplied_id\"": \""48011118\"", \""display_name\"": \""Marie Callender's Frozen Slow Roasted Beef Pot Roast (11 oz)\"", \""ocr_description\"": \""MARIE CLNDRS SLOW\"", \""quantity\"": {\""value\"": 1.0}, \""price_per_unit\"": {\""unit_amount\"": 499, \""currency\"": \""USD\"", \""display_string\"": \""None4.99\"", \""decimal_places\"": 2, \""sign\"": null, \""symbol\"": null}, \""item_price\"": {\""unit_amount\"": 499, \""currency\"": \""USD\"", \""display_string\"": \""None4.99\"", \""decimal_places\"": 2, \""sign\"": null, \""symbol\"": null}, \""non_discount_price_per_unit\"": {\""unit_amount\"": 0, \""currency\"": \""USD\"", \""display_string\"": \""None0.00\"", \""decimal_places\"": 2, \""sign\"": null, \""symbol\"": null}, \""non_discount_item_price\"": {\""unit_amount\"": 0, \""currency\"": \""USD\"", \""display_string\"": \""None0.00\"", \""decimal_places\"": 2, \""sign\"": null, \""symbol\"": null}, \""sold_by_weight\"": false, \""confidence_score\"": 1.0}, {\""merchant_supplied_id\"": \""48010658\"", \""display_name\"": \""Healthy Choice Cafe Steamers Frozen Chicken Pot Pie(9.6 oz)\"", \""ocr_description\"": \""HC CHICKEN POT PIE\"", \""quantity\"": {\""value\"": 3.0}, \""price_per_unit\"": {\""unit_amount\"": 302, \""currency\"": \""USD\"", \""display_string\"": \""None3.02\"", \""decimal_places\"": 2, \""sign\"": null, \""symbol\"": null}, \""item_price\"": {\""unit_amount\"": 907, \""currency\"": \""USD\"", \""display_string\"": \""None9.07\"", \""decimal_places\"": 2, \""sign\"": null, \""symbol\"": null}, \""non_discount_price_per_unit\"": {\""unit_amount\"": 449, \""currency\"": \""USD\"", \""display_string\"": \""None4.49\"", \""decimal_places\"": 2, \""sign\"": null, \""symbol\"": null}, \""non_discount_item_price\"": {\""unit_amount\"": 1347, \""currency\"": \""USD\"", \""display_string\"": \""None13.47\"", \""decimal_places\"": 2, \""sign\"": null, \""symbol\"": null}, \""sold_by_weight\"": false, \""confidence_score\"": 1.0}, {\""merchant_supplied_id\"": \""48010217\"", \""display_name\"": \""Healthy Choice Frozen Simply Steamers Chicken & Vegetable (9.25 oz)\"", \""ocr_description\"": \""HEALTHY CHOICE\"", \""quantity\"": {\""value\"": 2.0}, \""price_per_unit\"": {\""unit_amount\"": 549, \""currency\"": \""USD\"", \""display_string\"": \""None5.49\"", \""decimal_places\"": 2, \""sign\"": null, \""symbol\"": null}, \""item_price\"": {\""unit_amount\"": 1098, \""currency\"": \""USD\"", \""display_string\"": \""None10.98\"", \""decimal_places\"": 2, \""sign\"": null, \""symbol\"": null}, \""non_discount_price_per_unit\"": {\""unit_amount\"": 0, \""currency\"": \""USD\"", \""display_string\"": \""None0.00\"", \""decimal_places\"": 2, \""sign\"": null, \""symbol\"": null}, \""non_discount_item_price\"": {\""unit_amount\"": 0, \""currency\"": \""USD\"", \""display_string\"": \""None0.00\"", \""decimal_places\"": 2, \""sign\"": null, \""symbol\"": null}, \""sold_by_weight\"": false, \""confidence_score\"": 1.0}, {\""merchant_supplied_id\"": \""48013847\"", \""display_name\"": \""Healthy Choice Cafe Steamers Mexican Style Street Corn Meal (9.25 oz)\"", \""ocr_description\"": \""HC CAFE STEAMERS\"", \""quantity\"": {\""value\"": 2.0}, \""price_per_unit\"": {\""unit_amount\"": 229, \""currency\"": \""USD\"", \""display_string\"": \""None2.29\"", \""decimal_places\"": 2, \""sign\"": null, \""symbol\"": null}, \""item_price\"": {\""unit_amount\"": 458, \""currency\"": \""USD\"", \""display_string\"": \""None4.58\"", \""decimal_places\"": 2, \""sign\"": null, \""symbol\"": null}, \""non_discount_price_per_unit\"": {\""unit_amount\"": 449, \""currency\"": \""USD\"", \""display_string\"": \""None4.49\"", \""decimal_places\"": 2, \""sign\"": null, \""symbol\"": null}, \""non_discount_item_price\"": {\""unit_amount\"": 898, \""currency\"": \""USD\"", \""display_string\"": \""None8.98\"", \""decimal_places\"": 2, \""sign\"": null, \""symbol\"": null}, \""sold_by_weight\"": false, \""confidence_score\"": 1.0}, {\""merchant_supplied_id\"": \""84651146\"", \""display_name\"": \""Taylor Farms Salsa Ranch Chopped Kit Salad (12.45 oz)\"", \""ocr_description\"": \""TF SALAD CHOPPED\"", \""quantity\"": {\""value\"": 1.0}, \""price_per_unit\"": {\""unit_amount\"": 350, \""currency\"": \""USD\"", \""display_string\"": \""None3.50\"", \""decimal_places\"": 2, \""sign\"": null, \""symbol\"": null}, \""item_price\"": {\""unit_amount\"": 350, \""currency\"": \""USD\"", \""display_string\"": \""None3.50\"", \""decimal_places\"": 2, \""sign\"": null, \""symbol\"": null}, \""non_discount_price_per_unit\"": {\""unit_amount\"": 429, \""currency\"": \""USD\"", \""display_string\"": \""None4.29\"", \""decimal_places\"": 2, \""sign\"": null, \""symbol\"": null}, \""non_discount_item_price\"": {\""unit_amount\"": 429, \""currency\"": \""USD\"", \""display_string\"": \""None4.29\"", \""decimal_places\"": 2, \""sign\"": null, \""symbol\"": null}, \""sold_by_weight\"": false, \""confidence_score\"": 1.0}, {\""merchant_supplied_id\"": \""84650933\"", \""display_name\"": \""Taylor Farms Mediterranean Crunch Chopped Salad Kit (11 oz)\"", \""ocr_description\"": \""MEDITERRANEAN CHOP\"", \""quantity\"": {\""value\"": 1.0}, \""price_per_unit\"": {\""unit_amount\"": 350, \""currency\"": \""USD\"", \""display_string\"": \""None3.50\"", \""decimal_places\"": 2, \""sign\"": null, \""symbol\"": null}, \""item_price\"": {\""unit_amount\"": 350, \""currency\"": \""USD\"", \""display_string\"": \""None3.50\"", \""decimal_places\"": 2, \""sign\"": null, \""symbol\"": null}, \""non_discount_price_per_unit\"": {\""unit_amount\"": 429, \""currency\"": \""USD\"", \""display_string\"": \""None4.29\"", \""decimal_places\"": 2, \""sign\"": null, \""symbol\"": null}, \""non_discount_item_price\"": {\""unit_amount\"": 429, \""currency\"": \""USD\"", \""display_string\"": \""None4.29\"", \""decimal_places\"": 2, \""sign\"": null, \""symbol\"": null}, \""sold_by_weight\"": false, \""confidence_score\"": 1.0}, {\""merchant_supplied_id\"": \""84650625\"", \""display_name\"": \""Taylor Farms Avocado Ranch Chopped Salad Kit (12.8 oz)\"", \""ocr_description\"": \""TF AVOCADO RANCH\"", \""quantity\"": {\""value\"": 1.0}, \""price_per_unit\"": {\""unit_amount\"": 350, \""currency\"": \""USD\"", \""display_string\"": \""None3.50\"", \""decimal_places\"": 2, \""sign\"": null, \""symbol\"": null}, \""item_price\"": {\""unit_amount\"": 350, \""currency\"": \""USD\"", \""display_string\"": \""None3.50\"", \""decimal_places\"": 2, \""sign\"": null, \""symbol\"": null}, \""non_discount_price_per_unit\"": {\""unit_amount\"": 428, \""currency\"": \""USD\"", \""display_string\"": \""None4.28\"", \""decimal_places\"": 2, \""sign\"": null, \""symbol\"": null}, \""non_discount_item_price\"": {\""unit_amount\"": 428, \""currency\"": \""USD\"", \""display_string\"": \""None4.28\"", \""decimal_places\"": 2, \""sign\"": null, \""symbol\"": null}, \""sold_by_weight\"": false, \""confidence_score\"": 1.0}, {\""merchant_supplied_id\"": \""84650239\"", \""display_name\"": \""Taylor Farms Asian Chopped Salad Kit with Asian Style Sesame Dressing (each)\"", \""ocr_description\"": \""TF ASIAN CHPO SALD\"", \""quantity\"": {\""value\"": 1.0}, \""price_per_unit\"": {\""unit_amount\"": 350, \""currency\"": \""USD\"", \""display_string\"": \""None3.50\"", \""decimal_places\"": 2, \""sign\"": null, \""symbol\"": null}, \""item_price\"": {\""unit_amount\"": 350, \""currency\"": \""USD\"", \""display_string\"": \""None3.50\"", \""decimal_places\"": 2, \""sign\"": null, \""symbol\"": null}, \""non_discount_price_per_unit\"": {\""unit_amount\"": 429, \""currency\"": \""USD\"", \""display_string\"": \""None4.29\"", \""decimal_places\"": 2, \""sign\"": null, \""symbol\"": null}, \""non_discount_item_price\"": {\""unit_amount\"": 429, \""currency\"": \""USD\"", \""display_string\"": \""None4.29\"", \""decimal_places\"": 2, \""sign\"": null, \""symbol\"": null}, \""sold_by_weight\"": false, \""confidence_score\"": 1.0}, {\""merchant_supplied_id\"": \""84100014_WI_1LB\"", \""display_name\"": \""Seedless Green Grapes (each)\"", \""ocr_description\"": \""GREEN SDLSS GRAPES\"", \""quantity\"": {\""value\"": 5.26}, \""price_per_unit\"": {\""unit_amount\"": 299, \""currency\"": \""USD\"", \""display_string\"": \""None2.99\"", \""decimal_places\"": 2, \""sign\"": null, \""symbol\"": null}, \""item_price\"": {\""unit_amount\"": 1573, \""currency\"": \""USD\"", \""display_string\"": \""None15.73\"", \""decimal_places\"": 2, \""sign\"": null, \""symbol\"": null}, \""non_discount_price_per_unit\"": {\""unit_amount\"": 0, \""currency\"": \""USD\"", \""display_string\"": \""None0.00\"", \""decimal_places\"": 2, \""sign\"": null, \""symbol\"": null}, \""non_discount_item_price\"": {\""unit_amount\"": 0, \""currency\"": \""USD\"", \""display_string\"": \""None0.00\"", \""decimal_places\"": 2, \""sign\"": null, \""symbol\"": null}, \""sold_by_weight\"": true, \""confidence_score\"": 1.0}, {\""merchant_supplied_id\"": \""84100012_WI_1LB\"", \""display_name\"": \""Red Seedless Grapes (bunch)\"", \""ocr_description\"": \""RED SOLS GRAPES\"", \""quantity\"": {\""value\"": 4.92}, \""price_per_unit\"": {\""unit_amount\"": 299, \""currency\"": \""USD\"", \""display_string\"": \""None2.99\"", \""decimal_places\"": 2, \""sign\"": null, \""symbol\"": null}, \""item_price\"": {\""unit_amount\"": 1471, \""currency\"": \""USD\"", \""display_string\"": \""None14.71\"", \""decimal_places\"": 2, \""sign\"": null, \""symbol\"": null}, \""non_discount_price_per_unit\"": {\""unit_amount\"": 0, \""currency\"": \""USD\"", \""display_string\"": \""None0.00\"", \""decimal_places\"": 2, \""sign\"": null, \""symbol\"": null}, \""non_discount_item_price\"": {\""unit_amount\"": 0, \""currency\"": \""USD\"", \""display_string\"": \""None0.00\"", \""decimal_places\"": 2, \""sign\"": null, \""symbol\"": null}, \""sold_by_weight\"": true, \""confidence_score\"": 1.0}]""
  },
  {
    ""key"": ""bag_fee_info"",
    ""value"": ""{\""quantity\"": {\""value\"": 0}, \""price_per_unit\"": {\""unit_amount\"": 0, \""currency\"": \""USD\"", \""display_string\"": \""None0.00\"", \""decimal_places\"": 2, \""sign\"": null, \""symbol\"": null}, \""item_price\"": {\""unit_amount\"": 0, \""currency\"": \""USD\"", \""display_string\"": \""None0.00\"", \""decimal_places\"": 2, \""sign\"": null, \""symbol\"": null}, \""confidence_score\"": 1.0}""
  },
  {
    ""key"": ""blink_items_df"",
    ""value"": ""{\""ocr_description\"": {\""0\"": \""HEFTY SLIDER VP ST\"", \""1\"": \""MARIE CLNDRS SLOW\"", \""2\"": \""HC CHICKEN POT PIE\"", \""3\"": \""HEALTHY CHOICE\"", \""4\"": \""HC CAFE STEAMERS\"", \""5\"": \""TF SALAD CHOPPED\"", \""6\"": \""MEDITERRANEAN CHOP\"", \""7\"": \""TF AVOCADO RANCH\"", \""8\"": \""TF ASIAN CHPO SALD\"", \""9\"": \""GREEN SDLSS GRAPES\"", \""10\"": \""RED SOLS GRAPES\"", \""11\"": \""discount_cents\"", \""12\"": \""subtotal_cents\"", \""13\"": \""total_tax_cents\"", \""14\"": \""total_cents\""}, \""quantity\"": {\""0\"": 1.0, \""1\"": 1.0, \""2\"": 3.0, \""3\"": 2.0, \""4\"": 2.0, \""5\"": 1.0, \""6\"": 1.0, \""7\"": 1.0, \""8\"": 1.0, \""9\"": 5.26, \""10\"": 4.92, \""11\"": NaN, \""12\"": NaN, \""13\"": NaN, \""14\"": NaN}, \""price_per_unit_cents\"": {\""0\"": 549.0, \""1\"": 499.0, \""2\"": 302.0, \""3\"": 549.0, \""4\"": 229.0, \""5\"": 350.0, \""6\"": 350.0, \""7\"": 350.0, \""8\"": 350.0, \""9\"": 299.0, \""10\"": 299.0, \""11\"": NaN, \""12\"": NaN, \""13\"": NaN, \""14\"": NaN}, \""item_price_cents\"": {\""0\"": 549, \""1\"": 499, \""2\"": 907, \""3\"": 1098, \""4\"": 458, \""5\"": 350, \""6\"": 350, \""7\"": 350, \""8\"": 350, \""9\"": 1573, \""10\"": 1471, \""11\"": 0, \""12\"": 7955, \""13\"": 0, \""14\"": 7955}}""
  },
  {
    ""key"": ""input_swipe_amount"",
    ""value"": ""7955""
  },
  {
    ""key"": ""is_legible"",
    ""value"": ""true""
  },
  {
    ""key"": ""input_item_info"",
    ""value"": ""[{\""merchant_supplied_id\"": \""84651146\"", \""display_name\"": \""Taylor Farms Salsa Ranch Chopped Kit Salad (12.45 oz)\"", \""scanned_barcode\"": {\""code\"": \""030223024347\"", \""format\"": \""UPCA\""}}, {\""merchant_supplied_id\"": \""48013847\"", \""display_name\"": \""Healthy Choice Cafe Steamers Mexican Style Street Corn Meal (9.25 oz)\"", \""scanned_barcode\"": {\""code\"": \""072655220119\"", \""format\"": \""UPCA\""}}, {\""merchant_supplied_id\"": \""84100014_WI_1LB\"", \""display_name\"": \""Seedless Green Grapes (each)\"", \""scanned_barcode\"": null}, {\""merchant_supplied_id\"": \""48010217\"", \""display_name\"": \""Healthy Choice Frozen Simply Steamers Chicken & Vegetable (9.25 oz)\"", \""scanned_barcode\"": {\""code\"": \""072655001251\"", \""format\"": \""UPCA\""}}, {\""merchant_supplied_id\"": \""48011118\"", \""display_name\"": \""Marie Callender's Frozen Slow Roasted Beef Pot Roast (11 oz)\"", \""scanned_barcode\"": {\""code\"": \""021131302672\"", \""format\"": \""UPCA\""}}, {\""merchant_supplied_id\"": \""48010658\"", \""display_name\"": \""Healthy Choice Cafe Steamers Frozen Chicken Pot Pie(9.6 oz)\"", \""scanned_barcode\"": {\""code\"": \""072655001176\"", \""format\"": \""UPCA\""}}, {\""merchant_supplied_id\"": \""84650239\"", \""display_name\"": \""Taylor Farms Asian Chopped Salad Kit with Asian Style Sesame Dressing (each)\"", \""scanned_barcode\"": {\""code\"": \""824862006303\"", \""format\"": \""UPCA\""}}, {\""merchant_supplied_id\"": \""84650933\"", \""display_name\"": \""Taylor Farms Mediterranean Crunch Chopped Salad Kit (11 oz)\"", \""scanned_barcode\"": {\""code\"": \""030223041092\"", \""format\"": \""UPCA\""}}, {\""merchant_supplied_id\"": \""84100012_WI_1LB\"", \""display_name\"": \""Red Seedless Grapes (bunch)\"", \""scanned_barcode\"": null}, {\""merchant_supplied_id\"": \""84650625\"", \""display_name\"": \""Taylor Farms Avocado Ranch Chopped Salad Kit (12.8 oz)\"", \""scanned_barcode\"": {\""code\"": \""030223041504\"", \""format\"": \""UPCA\""}}, {\""merchant_supplied_id\"": \""74400356\"", \""display_name\"": \""Hefty Slider Storage Bag Quart (40 ct)\"", \""scanned_barcode\"": {\""code\"": \""013700812408\"", \""format\"": \""UPCA\""}}]""
  },
  {
    ""key"": ""url"",
    ""value"": ""\""https://img.cdn4dd.com/cdn-cgi/image/format=auto/https://doordash-static.s3.amazonaws.com/media/photosV2/0db39575-90f7-4ec5-8aaf-ba445642bf0b-retina-large.jpeg\""""
  },
  {
    ""key"": ""sanity_checks"",
    ""value"": ""{\""swipe_match\"": true, \""subtotal_match\"": true, \""tax_match\"": true, \""items_length_match\"": true, \""ok_ocr_name_deduping\"": true, \""item_price_reasonableness\"": true, \""weights_look_ok\"": true, \""bag_fee_max_price\"": true, \""bottle_fee_max_price\"": true, \""bag_fee_max_count\"": true, \""bottle_fee_max_count\"": true, \""tax_vs_subtotal_sanity_check\"": true, \""has_no_unknown_items\"": true, \""has_no_missing_items\"": true, \""delivery_discounts_are_nonzero\"": true}""
  },
  {
    ""key"": ""bottle_fee_info"",
    ""value"": ""{\""quantity\"": {\""value\"": 0}, \""price_per_unit\"": {\""unit_amount\"": 0, \""currency\"": \""USD\"", \""display_string\"": \""None0.00\"", \""decimal_places\"": 2, \""sign\"": null, \""symbol\"": null}, \""item_price\"": {\""unit_amount\"": 0, \""currency\"": \""USD\"", \""display_string\"": \""None0.00\"", \""decimal_places\"": 2, \""sign\"": null, \""symbol\"": null}, \""confidence_score\"": 1.0}""
  },
  {
    ""key"": ""delivery_uuid"",
    ""value"": ""\""5db1ed12-c6db-3001-8d9c-afdedc731ecb\""""
  },
  {
    ""key"": ""missing_item_info"",
    ""value"": ""[]""
  },
  {
    ""key"": ""tax_amount"",
    ""value"": ""{\""money\"": {\""unit_amount\"": 0, \""currency\"": \""USD\"", \""display_string\"": \""None0.00\"", \""decimal_places\"": 2, \""sign\"": null, \""symbol\"": null}, \""confidence_score\"": 1.0}""
  },
  {
    ""key"": ""confidence_score"",
    ""value"": ""1.0""
  },
  {
    ""key"": ""raw_blink_receipt"",
    ""value"": ""{\""banner_id\"": 20, \""barcode\"": \""https://albertsons.onelink.me/wdzy/phayv6cj?af_qr=true\"", \""channel\"": {\""confidence\"": 100, \""value\"": \""Food\""}, \""date\"": {\""confidence\"": 99.97406005859375, \""value\"": \""09/07/2024\""}, \""isDigital\"": false, \""isFraudulent\"": false, \""is_blurry\"": false, \""is_instacart_shopper\"": false, \""is_receipt\"": true, \""is_screen\"": false, \""item_confidence\"": 99, \""last4cc\"": {\""confidence\"": 99.98918914794922, \""value\"": \""7726\""}, \""merchant_confidence\"": 99, \""merchant_name\"": \""Albertsons\"", \""ocr_confidence\"": 98.15727233886719, \""phones\"": [{\""confidence\"": 99.82703399658203, \""value\"": \""877-276-9637\""}], \""products\"": [{\""fullPrice\"": {\""confidence\"": 0, \""value\"": 5.99}, \""infoLines\"": [{\""line\"": 1011, \""text\"": {\""confidence\"": 100, \""value\"": \""Sale Savings -0.50\""}, \""type\"": {\""confidence\"": 100, \""value\"": \""Price Cut\""}}, {\""line\"": 1012, \""text\"": {\""confidence\"": 100, \""value\"": \""REFRIG/FROZEN\""}, \""type\"": {\""confidence\"": 100, \""value\"": \""\""}}], \""line\"": 1010, \""price\"": {\""confidence\"": 99.947509765625, \""value\"": 5.49}, \""price_postfix\"": \""T\"", \""qty\"": {\""confidence\"": 0, \""value\"": 1}, \""rpn\"": {\""confidence\"": 99.86023712158203, \""value\"": \""1370081240\""}, \""rsd\"": {\""confidence\"": 99.86023712158203, \""original_case_value\"": \""HEFTY SLIDER VP ST\"", \""value\"": \""HEFTY SLIDER VP ST\""}, \""totalPrice\"": {\""confidence\"": 0, \""value\"": 5.49}}, {\""line\"": 1013, \""price\"": {\""confidence\"": 100, \""value\"": 4.99}, \""price_postfix\"": \""S\"", \""qty\"": {\""confidence\"": 0, \""value\"": 1}, \""rpn\"": {\""confidence\"": 99.96060180664062, \""value\"": \""2113130267\""}, \""rsd\"": {\""confidence\"": 99.96060180664062, \""original_case_value\"": \""MARIE CLNDRS SLOW\"", \""value\"": \""MARIE CLNDRS SLOW\""}, \""totalPrice\"": {\""confidence\"": 0, \""value\"": 4.99}}, {\""fullPrice\"": {\""confidence\"": 0, \""value\"": 13.47}, \""infoLines\"": [{\""line\"": 1015, \""text\"": {\""confidence\"": 100, \""value\"": \""Sale Savings -4.40\""}, \""type\"": {\""confidence\"": 100, \""value\"": \""Price Cut\""}}], \""line\"": 1014, \""price\"": {\""confidence\"": 99.8397445678711, \""value\"": 3.02}, \""price_postfix\"": \""S\"", \""qty\"": {\""confidence\"": 0, \""value\"": 3}, \""rpn\"": {\""confidence\"": 98.35424041748047, \""value\"": \""7265500117\""}, \""rsd\"": {\""confidence\"": 98.35424041748047, \""original_case_value\"": \""HC CHICKEN POT PIE\"", \""value\"": \""HC CHICKEN POT PIE\""}, \""totalPrice\"": {\""confidence\"": 0, \""value\"": 9.07}}, {\""line\"": 1016, \""price\"": {\""confidence\"": 100, \""value\"": 5.49}, \""price_postfix\"": \""S\"", \""qty\"": {\""confidence\"": 0, \""value\"": 2}, \""rpn\"": {\""confidence\"": 99.90618133544922, \""value\"": \""7265500125\""}, \""rsd\"": {\""confidence\"": 99.90618133544922, \""original_case_value\"": \""HEALTHY CHOICE\"", \""value\"": \""HEALTHY CHOICE\""}, \""totalPrice\"": {\""confidence\"": 0, \""value\"": 10.98}}, {\""fullPrice\"": {\""confidence\"": 0, \""value\"": 8.98}, \""infoLines\"": [{\""line\"": 1018, \""text\"": {\""confidence\"": 100, \""value\"": \""Sale Savings -4.40\""}, \""type\"": {\""confidence\"": 100, \""value\"": \""Price Cut\""}}, {\""line\"": 1019, \""text\"": {\""confidence\"": 100, \""value\"": \""PRODUCE\""}, \""type\"": {\""confidence\"": 100, \""value\"": \""\""}}], \""line\"": 1017, \""price\"": {\""confidence\"": 99.40682983398438, \""value\"": 2.29}, \""price_postfix\"": \""S\"", \""qty\"": {\""confidence\"": 0, \""value\"": 2}, \""rpn\"": {\""confidence\"": 99.70613861083984, \""value\"": \""7265522011\""}, \""rsd\"": {\""confidence\"": 99.70613861083984, \""original_case_value\"": \""HC CAFE STEAMERS\"", \""value\"": \""HC CAFE STEAMERS\""}, \""totalPrice\"": {\""confidence\"": 0, \""value\"": 4.58}}, {\""fullPrice\"": {\""confidence\"": 0, \""value\"": 4.29}, \""infoLines\"": [{\""line\"": 1021, \""text\"": {\""confidence\"": 100, \""value\"": \""Sale Savings -0.79\""}, \""type\"": {\""confidence\"": 100, \""value\"": \""Price Cut\""}}], \""line\"": 1020, \""price\"": {\""confidence\"": 99.81790161132812, \""value\"": 3.5}, \""price_postfix\"": \""S\"", \""qty\"": {\""confidence\"": 0, \""value\"": 1}, \""rpn\"": {\""confidence\"": 99.90469360351562, \""value\"": \""3022302434\""}, \""rsd\"": {\""confidence\"": 99.90469360351562, \""original_case_value\"": \""TF SALAD CHOPPED\"", \""value\"": \""TF SALAD CHOPPED\""}, \""totalPrice\"": {\""confidence\"": 0, \""value\"": 3.5}}, {\""fullPrice\"": {\""confidence\"": 0, \""value\"": 4.29}, \""infoLines\"": [{\""line\"": 1023, \""text\"": {\""confidence\"": 100, \""value\"": \""Sale Savings -0.79\""}, \""type\"": {\""confidence\"": 100, \""value\"": \""Price Cut\""}}], \""line\"": 1022, \""price\"": {\""confidence\"": 99.8131103515625, \""value\"": 3.5}, \""price_postfix\"": \""S\"", \""qty\"": {\""confidence\"": 0, \""value\"": 1}, \""rpn\"": {\""confidence\"": 99.71733856201172, \""value\"": \""3022304109\""}, \""rsd\"": {\""confidence\"": 99.71733856201172, \""original_case_value\"": \""MEDITERRANEAN CHOP\"", \""value\"": \""MEDITERRANEAN CHOP\""}, \""totalPrice\"": {\""confidence\"": 0, \""value\"": 3.5}}, {\""fullPrice\"": {\""confidence\"": 0, \""value\"": 4.28}, \""infoLines\"": [{\""line\"": 1025, \""text\"": {\""confidence\"": 100, \""value\"": \""Sale Savings -0.78\""}, \""type\"": {\""confidence\"": 100, \""value\"": \""Price Cut\""}}], \""line\"": 1024, \""price\"": {\""confidence\"": 99.63485717773438, \""value\"": 3.5}, \""price_postfix\"": \""S\"", \""qty\"": {\""confidence\"": 0, \""value\"": 1}, \""rpn\"": {\""confidence\"": 98.24036407470703, \""value\"": \""3022304150\""}, \""rsd\"": {\""confidence\"": 98.24036407470703, \""original_case_value\"": \""TF AVOCADO RANCH\"", \""value\"": \""TF AVOCADO RANCH\""}, \""totalPrice\"": {\""confidence\"": 0, \""value\"": 3.5}}, {\""fullPrice\"": {\""confidence\"": 0, \""value\"": 4.29}, \""infoLines\"": [{\""line\"": 1027, \""text\"": {\""confidence\"": 100, \""value\"": \""Sale Savings -0.79\""}, \""type\"": {\""confidence\"": 100, \""value\"": \""Price Cut\""}}], \""line\"": 1026, \""price\"": {\""confidence\"": 99.90047454833984, \""value\"": 3.5}, \""price_postfix\"": \""S\"", \""qty\"": {\""confidence\"": 0, \""value\"": 1}, \""rpn\"": {\""confidence\"": 99.8673095703125, \""value\"": \""82486200630\""}, \""rsd\"": {\""confidence\"": 99.8673095703125, \""original_case_value\"": \""TF ASIAN CHPO SALD\"", \""value\"": \""TF ASIAN CHPO SALD\""}, \""totalPrice\"": {\""confidence\"": 0, \""value\"": 3.5}}, {\""infoLines\"": [{\""line\"": 1029, \""text\"": {\""confidence\"": 100, \""value\"": \""WT 5.26 lb @ $2.99 /lb\""}, \""type\"": {\""confidence\"": 100, \""value\"": \""Weight\""}}], \""line\"": 1028, \""price\"": {\""confidence\"": 0, \""value\"": 2.99}, \""price_postfix\"": \""S\"", \""qty\"": {\""confidence\"": 0, \""value\"": 5.26}, \""rpn\"": {\""confidence\"": 100, \""value\"": \""88528200012\""}, \""rsd\"": {\""confidence\"": 99.87174224853516, \""original_case_value\"": \""GREEN SDLSS GRAPES\"", \""value\"": \""GREEN SDLSS GRAPES\""}, \""totalPrice\"": {\""confidence\"": 0, \""value\"": 15.73}, \""uom\"": {\""confidence\"": 0, \""value\"": \""lb\""}}, {\""infoLines\"": [{\""line\"": 1031, \""text\"": {\""confidence\"": 100, \""value\"": \""WT 4.92 lb @ $2.99 /lb\""}, \""type\"": {\""confidence\"": 100, \""value\"": \""Weight\""}}], \""line\"": 1030, \""price\"": {\""confidence\"": 0, \""value\"": 2.99}, \""price_postfix\"": \""S\"", \""qty\"": {\""confidence\"": 0, \""value\"": 4.92}, \""rpn\"": {\""confidence\"": 100, \""value\"": \""88528200038\""}, \""rsd\"": {\""confidence\"": 98.0200424194336, \""original_case_value\"": \""RED SOLS GRAPES\"", \""value\"": \""RED SOLS GRAPES\""}, \""totalPrice\"": {\""confidence\"": 0, \""value\"": 14.71}, \""uom\"": {\""confidence\"": 0, \""value\"": \""lb\""}}], \""purchase_type\"": \""In-Store\"", \""raw_basket\"": \""1370081240 HEFTY SLIDER VP ST 5.99 5.49 T\\nSale Savings -0.50\\nREFRIG/FROZEN\\n2113130267 MARIE CLNDRS SLOW 4.99 4.99 S\\n7265500117 30 HC CHICKEN POT PIE 13.47 9.07 S\\nSale Savings -4.40\\n7265500125 2@ HEALTHY CHOICE 10.98 10.98 S\\n7265522011 20 HC CAFE STEAMERS 8.98 4.58 S\\nSale Savings -4.40\\nPRODUCE\\n3022302434 TF SALAD CHOPPED 4.29 3.50 S\\nSale Savings -0.79\\n3022304109 MEDITERRANEAN CHOP 4.29 3.50 S\\nSale Savings -0.79\\n3022304150 TF AVOCADO RANCH 4.29 3.50 S\\nSale Savings -0.78\\n82486200630 TF ASIAN CHPO SALD 4.29 3.50S\\nSale Savings -0.79\\n88528200012 GREEN SDLSS GRAPES 15.73 15.73 S\\nWT 5.26 lb @ $2.99 /lb\\n88528200038 RED SOLS GRAPES 14.71 14.71 S\\nWT 4.92 lb @ $2.99 /lb\\n\"", \""raw_text_array\"": [\""m Blvd Ste 76\\nPhoenix AZ 85050\\n\\n\\n\\n00002500602752409071630\\n--------------------------------------\\nYOUR CASHIER TODAY WAS Russ\\n--------------------------------------\\nGROC NONEDIBLE Price You Pay\\n1370081240 HEFTY SLIDER VP ST 5.99 5.49 T\\nSale Savings -0.50\\nREFRIG/FROZEN\\n2113130267 MARIE CLNDRS SLOW 4.99 4.99 S\\n7265500117 30 HC CHICKEN POT PIE 13.47 9.07 S\\nSale Savings -4.40\\n7265500125 2@ HEALTHY CHOICE 10.98 10.98 S\\n7265522011 20 HC CAFE STEAMERS 8.98 4.58 S\\nSale Savings -4.40\\nPRODUCE\\n3022302434 TF SALAD CHOPPED 4.29 3.50 S\\nSale Savings -0.79\\n3022304109 MEDITERRANEAN CHOP 4.29 3.50 S\\nSale Savings -0.79\\n3022304150 TF AVOCADO RANCH 4.29 3.50 S\\nSale Savings -0.78\\n82486200630 TF ASIAN CHPO SALD 4.29 3.50S\\nSale Savings -0.79\\n88528200012 GREEN SDLSS GRAPES 15.73 15.73 S\\nWT 5.26 lb @ $2.99 /lb\\n88528200038 RED SOLS GRAPES 14.71 14.71 S\\nWT 4.92 lb @ $2.99 /lb\\n\\nTAX 0.47\\nTAX EXEMPTION -0.47\\n**** BALANCE 79.55\\n\\nQR Mobile Pay 79.55\\nCHANGE 0.00\\nTAX EXEMPT ID: ****************7726\\n--------------------------------------\\nScore Great Deals\\n--------------------------------------\\n--------------------------------------\\nEarn tokens when you purchase\\nparticipating items. Look for\\nparticipating item tags throughout\\nthe store. Redeem your tokens for a\\nchance to win cash and prizes,\\nincluding a grand prize of $10,000!\\nSee official rules for details.\\n--------------------------------------\\nYOUR SAVINGS\\nStore Savings 12.46\\nTotal 12.46\\nTotal Savings Value 14%\\n\\nTOTAL NUMBER OF ITEMS SOLD = 15\\n09/07/24 16:30 25 6 275 4016\\n\\nThank you for shopping Albertsons!\\nFor ALBERTSONS FOR U questions call\\n877-276-9637 or Albertsons.com foru\\n\\nFREE Iu\\nshots\\nwihmo tin uonce\\nGet 10% off\\ngroceries\\n---------------------------------------\\nGet 10% off** groceries with every\\nimmunization.\\nwNo co-payment unless required by your\\nplan\\n**Restrictions apply. Visit pharmacy for\\ndetalls,\\nScan QR Code to schedule an aPpointment\\n---------------------------------------\\nOffer valid until 12/31/24 for receiving a qualifying\\nimmunization. Qualifying ltems do not include\\nImmunizations received in AR, immunizations received by\\ncustomers under 60 years old in NJ and immunlzations\\nother than COVID-19 vaccines in NY. 10% off on a single\\norocery purchase of qualifying items up to $200 (up to\\n$20.total value). $40 minimum purchase reqUired. Limit 1\\ncoupon per transaction In the eVent of a return, coupon\\nsavlngs may be deducted froM refund. Not valid toward\\nprevious purchase,\\n\""], \""raw_trip_footer\"": \""TAX 0.47\\nTAX EXEMPTION -0.47\\n**** BALANCE 79.55\\nQR Mobile Pay 79.55\\nCHANGE 0.00\\nTAX EXEMPT ID : ****************7726\\n--------------------------------------\\nScore Great Deals\\n--------------------------------------\\n--------------------------------------\\nEarn tokens when you purchase\\nparticipating items. Look for\\nparticipating item tags throughout\\nthe store. Redeem your tokens for a\\nchance to win cash and prizes,\\nincluding a grand prize of $10,000!\\nSee official rules for details.\\n--------------------------------------\\nYOUR SAVINGS\\nStore Savings 12.46\\nTotal 12.46\\nTotal Savings Value 14%\\nTOTAL NUMBER OF ITEMS SOLD = 15\\n09/07/24 16:30 25 6 275 4016\\nThank you for shopping Albertsons!\\nFor ALBERTSONS FOR U questions call\\n877-276-9637 or Albertsons.com foru\\nFREE Iu\\nshots\\nwihmo tin uonce\\nGet 10% off\\ngroceries\\n---------------------------------------\\nGet 10% off** groceries with every\\nimmunization.\\nwNo co-payment unless required by your\\nplan\\n**Restrictions apply. Visit pharmacy for\\ndetalls,\\nScan QR Code to schedule an aPpointment\\n---------------------------------------\\nOffer valid until 12/31/24 for receiving a qualifying\\nimmunization. Qualifying ltems do not include\\nImmunizations received in AR, immunizations received by\\ncustomers under 60 years old in NJ and immunlzations\\nother than COVID-19 vaccines in NY. 10% off on a single\\norocery purchase of qualifying items up to $200 (up to\\n$20.total value). $40 minimum purchase reqUired. Limit 1\\ncoupon per transaction In the eVent of a return, coupon\\nsavlngs may be deducted froM refund. Not valid toward\\nprevious purchase,\\n\"", \""raw_trip_header\"": \""m Blvd Ste 76\\nPhoenix AZ 85050\\n00002500602752409071630\\n--------------------------------------\\nYOUR CASHIER TODAY WAS Russ\\n--------------------------------------\\nGROC NONEDIBLE Price You Pay\\n\"", \""register\"": {\""confidence\"": 99.97406005859375, \""value\"": \""275\""}, \""store\"": {\""confidence\"": 99.97406005859375, \""value\"": \""6\""}, \""store_city\"": {\""confidence\"": 99.96768951416016, \""value\"": \""Phoenix\""}, \""store_state\"": {\""confidence\"": 99.96768951416016, \""value\"": \""AZ\""}, \""store_street\"": {\""confidence\"": 95.63738250732422, \""value\"": \""m Blvd Ste 76\""}, \""store_zip\"": {\""confidence\"": 99.96768951416016, \""value\"": \""85050\""}, \""subtotal\"": {\""confidence\"": 100, \""value\"": 79.55}, \""taxes\"": {\""confidence\"": 99.96214294433594, \""value\"": 0}, \""time\"": {\""confidence\"": 99.97406005859375, \""value\"": \""16:30\""}, \""total\"": {\""confidence\"": 99.86325073242188, \""value\"": 79.55}, \""transaction\"": {\""confidence\"": 99.97406005859375, \""value\"": \""4016\""}, \""trip_confidence\"": 100, \""blink_receipt_id\"": \""bd5af604-01d8-446f-ae15-0418671c778b\"", \""cashback\"": 0, \""image_urls\"": [\""https://img.cdn4dd.com/cdn-cgi/image/format=auto/https://doordash-static.s3.amazonaws.com/media/photosV2/0db39575-90f7-4ec5-8aaf-ba445642bf0b-retina-large.jpeg\""], \""country_code\"": \""US\"", \""api_version\"": 14}""
  }
]"
"[
  {
    ""key"": ""unmatched_item_info"",
    ""value"": ""[]""
  },
  {
    ""key"": ""embedding_matching_df"",
    ""value"": ""{\""HEFTY SLIDER VP ST\"": {\""Taylor Farms Salsa Ranch Chopped Kit Salad (12.45 oz)\"": 0.29206981192837633, \""Healthy Choice Cafe Steamers Mexican Style Street Corn Meal (9.25 oz)\"": 0.25989172769068497, \""Seedless Green Grapes (each)\"": 0.20858878114659724, \""Healthy Choice Frozen Simply Steamers Chicken & Vegetable (9.25 oz)\"": 0.2924440642305469, \""Marie Callender's Frozen Slow Roasted Beef Pot Roast (11 oz)\"": 0.30327933159203535, \""Healthy Choice Cafe Steamers Frozen Chicken Pot Pie(9.6 oz)\"": 0.2673666436797581, \""Taylor Farms Asian Chopped Salad Kit with Asian Style Sesame Dressing (each)\"": 0.25348373603657476, \""Taylor Farms Mediterranean Crunch Chopped Salad Kit (11 oz)\"": 0.27992666073067607, \""Red Seedless Grapes (bunch)\"": 0.21764855049645465, \""Taylor Farms Avocado Ranch Chopped Salad Kit (12.8 oz)\"": 0.2946346227858424, \""Hefty Slider Storage Bag Quart (40 ct)\"": 0.5761618013498128, \""Bag Fee\"": 0.0, \""Bottle Deposit aka CRV\"": 0.0, \""Unknown Item\"": 0.22024701361288454}, \""MARIE CLNDRS SLOW\"": {\""Taylor Farms Salsa Ranch Chopped Kit Salad (12.45 oz)\"": 0.10024597267222048, \""Healthy Choice Cafe Steamers Mexican Style Street Corn Meal (9.25 oz)\"": 0.14582522525541436, \""Seedless Green Grapes (each)\"": 0.13038472822323116, \""Healthy Choice Frozen Simply Steamers Chicken & Vegetable (9.25 oz)\"": 0.14214726042164022, \""Marie Callender's Frozen Slow Roasted Beef Pot Roast (11 oz)\"": 0.33292322353716347, \""Healthy Choice Cafe Steamers Frozen Chicken Pot Pie(9.6 oz)\"": 0.1546536142725042, \""Taylor Farms Asian Chopped Salad Kit with Asian Style Sesame Dressing (each)\"": 0.0841263970030155, \""Taylor Farms Mediterranean Crunch Chopped Salad Kit (11 oz)\"": 0.09086368376728018, \""Red Seedless Grapes (bunch)\"": 0.14184338717171266, \""Taylor Farms Avocado Ranch Chopped Salad Kit (12.8 oz)\"": 0.07531900137788844, \""Hefty Slider Storage Bag Quart (40 ct)\"": 0.13290849779633182, \""Bag Fee\"": 0.0, \""Bottle Deposit aka CRV\"": 0.0, \""Unknown Item\"": 0.17790148469445616}, \""HC CHICKEN POT PIE\"": {\""Taylor Farms Salsa Ranch Chopped Kit Salad (12.45 oz)\"": 0.3371634473367623, \""Healthy Choice Cafe Steamers Mexican Style Street Corn Meal (9.25 oz)\"": 0.42106606540502006, \""Seedless Green Grapes (each)\"": 0.1701824000920526, \""Healthy Choice Frozen Simply Steamers Chicken & Vegetable (9.25 oz)\"": 0.48552196700215144, \""Marie Callender's Frozen Slow Roasted Beef Pot Roast (11 oz)\"": 0.45197558779401475, \""Healthy Choice Cafe Steamers Frozen Chicken Pot Pie(9.6 oz)\"": 0.5969549756284133, \""Taylor Farms Asian Chopped Salad Kit with Asian Style Sesame Dressing (each)\"": 0.3127106168960316, \""Taylor Farms Mediterranean Crunch Chopped Salad Kit (11 oz)\"": 0.3102318386349153, \""Red Seedless Grapes (bunch)\"": 0.17827064976457685, \""Taylor Farms Avocado Ranch Chopped Salad Kit (12.8 oz)\"": 0.3104211606811331, \""Hefty Slider Storage Bag Quart (40 ct)\"": 0.2690719883466886, \""Bag Fee\"": 0.0, \""Bottle Deposit aka CRV\"": 0.0, \""Unknown Item\"": 0.19399246893700092}, \""HEALTHY CHOICE\"": {\""Taylor Farms Salsa Ranch Chopped Kit Salad (12.45 oz)\"": 0.3188864880642124, \""Healthy Choice Cafe Steamers Mexican Style Street Corn Meal (9.25 oz)\"": 0.474394396934396, \""Seedless Green Grapes (each)\"": 0.28319892480822034, \""Healthy Choice Frozen Simply Steamers Chicken & Vegetable (9.25 oz)\"": 0.49861280115080653, \""Marie Callender's Frozen Slow Roasted Beef Pot Roast (11 oz)\"": 0.31102222963224546, \""Healthy Choice Cafe Steamers Frozen Chicken Pot Pie(9.6 oz)\"": 0.47842772177723175, \""Taylor Farms Asian Chopped Salad Kit with Asian Style Sesame Dressing (each)\"": 0.3257990790869556, \""Taylor Farms Mediterranean Crunch Chopped Salad Kit (11 oz)\"": 0.3500342192363902, \""Red Seedless Grapes (bunch)\"": 0.2975500548817607, \""Taylor Farms Avocado Ranch Chopped Salad Kit (12.8 oz)\"": 0.33255049088024047, \""Hefty Slider Storage Bag Quart (40 ct)\"": 0.27630016471814495, \""Bag Fee\"": 0.0, \""Bottle Deposit aka CRV\"": 0.0, \""Unknown Item\"": 0.18519462595477754}, \""HC CAFE STEAMERS\"": {\""Taylor Farms Salsa Ranch Chopped Kit Salad (12.45 oz)\"": 0.18382413845401027, \""Healthy Choice Cafe Steamers Mexican Style Street Corn Meal (9.25 oz)\"": 0.452589583106883, \""Seedless Green Grapes (each)\"": 0.20617275147276629, \""Healthy Choice Frozen Simply Steamers Chicken & Vegetable (9.25 oz)\"": 0.38551222944113406, \""Marie Callender's Frozen Slow Roasted Beef Pot Roast (11 oz)\"": 0.294717163574023, \""Healthy Choice Cafe Steamers Frozen Chicken Pot Pie(9.6 oz)\"": 0.4505892442437035, \""Taylor Farms Asian Chopped Salad Kit with Asian Style Sesame Dressing (each)\"": 0.20716595892476308, \""Taylor Farms Mediterranean Crunch Chopped Salad Kit (11 oz)\"": 0.19783140786555, \""Red Seedless Grapes (bunch)\"": 0.20062049739733762, \""Taylor Farms Avocado Ranch Chopped Salad Kit (12.8 oz)\"": 0.19390417915966884, \""Hefty Slider Storage Bag Quart (40 ct)\"": 0.24241009791147725, \""Bag Fee\"": 0.0, \""Bottle Deposit aka CRV\"": 0.0, \""Unknown Item\"": 0.1935958378970397}, \""TF SALAD CHOPPED\"": {\""Taylor Farms Salsa Ranch Chopped Kit Salad (12.45 oz)\"": 0.5593880246900288, \""Healthy Choice Cafe Steamers Mexican Style Street Corn Meal (9.25 oz)\"": 0.2655822957560144, \""Seedless Green Grapes (each)\"": 0.2570906131759347, \""Healthy Choice Frozen Simply Steamers Chicken & Vegetable (9.25 oz)\"": 0.29178889956239346, \""Marie Callender's Frozen Slow Roasted Beef Pot Roast (11 oz)\"": 0.25921376377630545, \""Healthy Choice Cafe Steamers Frozen Chicken Pot Pie(9.6 oz)\"": 0.2726896341542866, \""Taylor Farms Asian Chopped Salad Kit with Asian Style Sesame Dressing (each)\"": 0.5437652267614737, \""Taylor Farms Mediterranean Crunch Chopped Salad Kit (11 oz)\"": 0.5283745428921104, \""Red Seedless Grapes (bunch)\"": 0.283979480711821, \""Taylor Farms Avocado Ranch Chopped Salad Kit (12.8 oz)\"": 0.5350653474136562, \""Hefty Slider Storage Bag Quart (40 ct)\"": 0.2554651614435119, \""Bag Fee\"": 0.0, \""Bottle Deposit aka CRV\"": 0.0, \""Unknown Item\"": 0.22346586120825343}, \""MEDITERRANEAN CHOP\"": {\""Taylor Farms Salsa Ranch Chopped Kit Salad (12.45 oz)\"": 0.3748260442232965, \""Healthy Choice Cafe Steamers Mexican Style Street Corn Meal (9.25 oz)\"": 0.28732402317066824, \""Seedless Green Grapes (each)\"": 0.22320813069654308, \""Healthy Choice Frozen Simply Steamers Chicken & Vegetable (9.25 oz)\"": 0.30361805217862636, \""Marie Callender's Frozen Slow Roasted Beef Pot Roast (11 oz)\"": 0.27207051546403166, \""Healthy Choice Cafe Steamers Frozen Chicken Pot Pie(9.6 oz)\"": 0.2874483351032876, \""Taylor Farms Asian Chopped Salad Kit with Asian Style Sesame Dressing (each)\"": 0.3814806783251974, \""Taylor Farms Mediterranean Crunch Chopped Salad Kit (11 oz)\"": 0.48695823528814103, \""Red Seedless Grapes (bunch)\"": 0.25310007393548856, \""Taylor Farms Avocado Ranch Chopped Salad Kit (12.8 oz)\"": 0.3857468986116878, \""Hefty Slider Storage Bag Quart (40 ct)\"": 0.18386729944895996, \""Bag Fee\"": 0.0, \""Bottle Deposit aka CRV\"": 0.0, \""Unknown Item\"": 0.1828064123685113}, \""TF AVOCADO RANCH\"": {\""Taylor Farms Salsa Ranch Chopped Kit Salad (12.45 oz)\"": 0.500683662474574, \""Healthy Choice Cafe Steamers Mexican Style Street Corn Meal (9.25 oz)\"": 0.31529799338427905, \""Seedless Green Grapes (each)\"": 0.2298588246414525, \""Healthy Choice Frozen Simply Steamers Chicken & Vegetable (9.25 oz)\"": 0.28042758189362116, \""Marie Callender's Frozen Slow Roasted Beef Pot Roast (11 oz)\"": 0.2633798709796581, \""Healthy Choice Cafe Steamers Frozen Chicken Pot Pie(9.6 oz)\"": 0.2703717337974514, \""Taylor Farms Asian Chopped Salad Kit with Asian Style Sesame Dressing (each)\"": 0.4120596553588123, \""Taylor Farms Mediterranean Crunch Chopped Salad Kit (11 oz)\"": 0.41864357073977426, \""Red Seedless Grapes (bunch)\"": 0.2556327745546123, \""Taylor Farms Avocado Ranch Chopped Salad Kit (12.8 oz)\"": 0.5666900186720958, \""Hefty Slider Storage Bag Quart (40 ct)\"": 0.235261917687252, \""Bag Fee\"": 0.0, \""Bottle Deposit aka CRV\"": 0.0, \""Unknown Item\"": 0.19268447396668512}, \""TF ASIAN CHPO SALD\"": {\""Taylor Farms Salsa Ranch Chopped Kit Salad (12.45 oz)\"": 0.3151915986777029, \""Healthy Choice Cafe Steamers Mexican Style Street Corn Meal (9.25 oz)\"": 0.20979833275255982, \""Seedless Green Grapes (each)\"": 0.14271848161283673, \""Healthy Choice Frozen Simply Steamers Chicken & Vegetable (9.25 oz)\"": 0.21064127444561967, \""Marie Callender's Frozen Slow Roasted Beef Pot Roast (11 oz)\"": 0.16203945135557862, \""Healthy Choice Cafe Steamers Frozen Chicken Pot Pie(9.6 oz)\"": 0.19617378327401502, \""Taylor Farms Asian Chopped Salad Kit with Asian Style Sesame Dressing (each)\"": 0.40946768184378984, \""Taylor Farms Mediterranean Crunch Chopped Salad Kit (11 oz)\"": 0.28087741534928806, \""Red Seedless Grapes (bunch)\"": 0.17948734250939433, \""Taylor Farms Avocado Ranch Chopped Salad Kit (12.8 oz)\"": 0.29550617646334476, \""Hefty Slider Storage Bag Quart (40 ct)\"": 0.16058769716707896, \""Bag Fee\"": 0.0, \""Bottle Deposit aka CRV\"": 0.0, \""Unknown Item\"": 0.1662265118522802}, \""GREEN SDLSS GRAPES\"": {\""Taylor Farms Salsa Ranch Chopped Kit Salad (12.45 oz)\"": 0.2511076377314286, \""Healthy Choice Cafe Steamers Mexican Style Street Corn Meal (9.25 oz)\"": 0.17316675127541273, \""Seedless Green Grapes (each)\"": 0.5279054306108679, \""Healthy Choice Frozen Simply Steamers Chicken & Vegetable (9.25 oz)\"": 0.197780086640504, \""Marie Callender's Frozen Slow Roasted Beef Pot Roast (11 oz)\"": 0.13356828692321815, \""Healthy Choice Cafe Steamers Frozen Chicken Pot Pie(9.6 oz)\"": 0.14922445188403927, \""Taylor Farms Asian Chopped Salad Kit with Asian Style Sesame Dressing (each)\"": 0.24771112507583248, \""Taylor Farms Mediterranean Crunch Chopped Salad Kit (11 oz)\"": 0.25203796119626676, \""Red Seedless Grapes (bunch)\"": 0.5252370659901148, \""Taylor Farms Avocado Ranch Chopped Salad Kit (12.8 oz)\"": 0.2583349084284768, \""Hefty Slider Storage Bag Quart (40 ct)\"": 0.21501336517408126, \""Bag Fee\"": 0.0, \""Bottle Deposit aka CRV\"": 0.0, \""Unknown Item\"": 0.24059584745775975}, \""RED SOLS GRAPES\"": {\""Taylor Farms Salsa Ranch Chopped Kit Salad (12.45 oz)\"": 0.26849803326012606, \""Healthy Choice Cafe Steamers Mexican Style Street Corn Meal (9.25 oz)\"": 0.20678519723098018, \""Seedless Green Grapes (each)\"": 0.4536182040878078, \""Healthy Choice Frozen Simply Steamers Chicken & Vegetable (9.25 oz)\"": 0.1689700870561956, \""Marie Callender's Frozen Slow Roasted Beef Pot Roast (11 oz)\"": 0.19884593012428414, \""Healthy Choice Cafe Steamers Frozen Chicken Pot Pie(9.6 oz)\"": 0.14391602554973099, \""Taylor Farms Asian Chopped Salad Kit with Asian Style Sesame Dressing (each)\"": 0.22000046335742554, \""Taylor Farms Mediterranean Crunch Chopped Salad Kit (11 oz)\"": 0.25339158423169317, \""Red Seedless Grapes (bunch)\"": 0.5416217668376627, \""Taylor Farms Avocado Ranch Chopped Salad Kit (12.8 oz)\"": 0.257283563055356, \""Hefty Slider Storage Bag Quart (40 ct)\"": 0.18237050796765428, \""Bag Fee\"": 0.0, \""Bottle Deposit aka CRV\"": 0.0, \""Unknown Item\"": 0.18042211991935095}, \""Unknown Item\"": {\""Taylor Farms Salsa Ranch Chopped Kit Salad (12.45 oz)\"": 0.1898854998679001, \""Healthy Choice Cafe Steamers Mexican Style Street Corn Meal (9.25 oz)\"": 0.11955147174500014, \""Seedless Green Grapes (each)\"": 0.22025034955789377, \""Healthy Choice Frozen Simply Steamers Chicken & Vegetable (9.25 oz)\"": 0.15197252249370788, \""Marie Callender's Frozen Slow Roasted Beef Pot Roast (11 oz)\"": 0.1401275837743452, \""Healthy Choice Cafe Steamers Frozen Chicken Pot Pie(9.6 oz)\"": 0.1512818531820309, \""Taylor Farms Asian Chopped Salad Kit with Asian Style Sesame Dressing (each)\"": 0.15303279217764848, \""Taylor Farms Mediterranean Crunch Chopped Salad Kit (11 oz)\"": 0.19037342596053536, \""Red Seedless Grapes (bunch)\"": 0.2419946318212413, \""Taylor Farms Avocado Ranch Chopped Salad Kit (12.8 oz)\"": 0.1840736412513631, \""Hefty Slider Storage Bag Quart (40 ct)\"": 0.19601310983125492, \""Bag Fee\"": 0.30048564178554676, \""Bottle Deposit aka CRV\"": 0.21780083580756754, \""Unknown Item\"": 0.9990009990989842}}""
  },
  {
    ""key"": ""total_amount"",
    ""value"": ""{\""money\"": {\""unit_amount\"": 7955, \""currency\"": \""USD\"", \""display_string\"": \""None79.55\"", \""decimal_places\"": 2, \""sign\"": null, \""symbol\"": null}, \""confidence_score\"": 1.0}""
  },
  {
    ""key"": ""discount_amount"",
    ""value"": ""{\""money\"": {\""unit_amount\"": 0, \""currency\"": \""USD\"", \""display_string\"": \""None0.00\"", \""decimal_places\"": 2, \""sign\"": null, \""symbol\"": null}, \""confidence_score\"": 1.0}""
  },
  {
    ""key"": ""business_id"",
    ""value"": ""600479""
  },
  {
    ""key"": ""subtotal_amount"",
    ""value"": ""{\""money\"": {\""unit_amount\"": 7955, \""currency\"": \""USD\"", \""display_string\"": \""None79.55\"", \""decimal_places\"": 2, \""sign\"": null, \""symbol\"": null}, \""confidence_score\"": 1.0}""
  },
  {
    ""key"": ""tax_confidence_score"",
    ""value"": ""1.0""
  },
  {
    ""key"": ""matched_item_info"",
    ""value"": ""[{\""merchant_supplied_id\"": \""74400356\"", \""display_name\"": \""Hefty Slider Storage Bag Quart (40 ct)\"", \""ocr_description\"": \""HEFTY SLIDER VP ST\"", \""quantity\"": {\""value\"": 1.0}, \""price_per_unit\"": {\""unit_amount\"": 549, \""currency\"": \""USD\"", \""display_string\"": \""None5.49\"", \""decimal_places\"": 2, \""sign\"": null, \""symbol\"": null}, \""item_price\"": {\""unit_amount\"": 549, \""currency\"": \""USD\"", \""display_string\"": \""None5.49\"", \""decimal_places\"": 2, \""sign\"": null, \""symbol\"": null}, \""non_discount_price_per_unit\"": {\""unit_amount\"": 599, \""currency\"": \""USD\"", \""display_string\"": \""None5.99\"", \""decimal_places\"": 2, \""sign\"": null, \""symbol\"": null}, \""non_discount_item_price\"": {\""unit_amount\"": 599, \""currency\"": \""USD\"", \""display_string\"": \""None5.99\"", \""decimal_places\"": 2, \""sign\"": null, \""symbol\"": null}, \""sold_by_weight\"": false, \""confidence_score\"": 1.0}, {\""merchant_supplied_id\"": \""48011118\"", \""display_name\"": \""Marie Callender's Frozen Slow Roasted Beef Pot Roast (11 oz)\"", \""ocr_description\"": \""MARIE CLNDRS SLOW\"", \""quantity\"": {\""value\"": 1.0}, \""price_per_unit\"": {\""unit_amount\"": 499, \""currency\"": \""USD\"", \""display_string\"": \""None4.99\"", \""decimal_places\"": 2, \""sign\"": null, \""symbol\"": null}, \""item_price\"": {\""unit_amount\"": 499, \""currency\"": \""USD\"", \""display_string\"": \""None4.99\"", \""decimal_places\"": 2, \""sign\"": null, \""symbol\"": null}, \""non_discount_price_per_unit\"": {\""unit_amount\"": 0, \""currency\"": \""USD\"", \""display_string\"": \""None0.00\"", \""decimal_places\"": 2, \""sign\"": null, \""symbol\"": null}, \""non_discount_item_price\"": {\""unit_amount\"": 0, \""currency\"": \""USD\"", \""display_string\"": \""None0.00\"", \""decimal_places\"": 2, \""sign\"": null, \""symbol\"": null}, \""sold_by_weight\"": false, \""confidence_score\"": 1.0}, {\""merchant_supplied_id\"": \""48010658\"", \""display_name\"": \""Healthy Choice Cafe Steamers Frozen Chicken Pot Pie(9.6 oz)\"", \""ocr_description\"": \""HC CHICKEN POT PIE\"", \""quantity\"": {\""value\"": 3.0}, \""price_per_unit\"": {\""unit_amount\"": 302, \""currency\"": \""USD\"", \""display_string\"": \""None3.02\"", \""decimal_places\"": 2, \""sign\"": null, \""symbol\"": null}, \""item_price\"": {\""unit_amount\"": 907, \""currency\"": \""USD\"", \""display_string\"": \""None9.07\"", \""decimal_places\"": 2, \""sign\"": null, \""symbol\"": null}, \""non_discount_price_per_unit\"": {\""unit_amount\"": 449, \""currency\"": \""USD\"", \""display_string\"": \""None4.49\"", \""decimal_places\"": 2, \""sign\"": null, \""symbol\"": null}, \""non_discount_item_price\"": {\""unit_amount\"": 1347, \""currency\"": \""USD\"", \""display_string\"": \""None13.47\"", \""decimal_places\"": 2, \""sign\"": null, \""symbol\"": null}, \""sold_by_weight\"": false, \""confidence_score\"": 1.0}, {\""merchant_supplied_id\"": \""48010217\"", \""display_name\"": \""Healthy Choice Frozen Simply Steamers Chicken & Vegetable (9.25 oz)\"", \""ocr_description\"": \""HEALTHY CHOICE\"", \""quantity\"": {\""value\"": 2.0}, \""price_per_unit\"": {\""unit_amount\"": 549, \""currency\"": \""USD\"", \""display_string\"": \""None5.49\"", \""decimal_places\"": 2, \""sign\"": null, \""symbol\"": null}, \""item_price\"": {\""unit_amount\"": 1098, \""currency\"": \""USD\"", \""display_string\"": \""None10.98\"", \""decimal_places\"": 2, \""sign\"": null, \""symbol\"": null}, \""non_discount_price_per_unit\"": {\""unit_amount\"": 0, \""currency\"": \""USD\"", \""display_string\"": \""None0.00\"", \""decimal_places\"": 2, \""sign\"": null, \""symbol\"": null}, \""non_discount_item_price\"": {\""unit_amount\"": 0, \""currency\"": \""USD\"", \""display_string\"": \""None0.00\"", \""decimal_places\"": 2, \""sign\"": null, \""symbol\"": null}, \""sold_by_weight\"": false, \""confidence_score\"": 1.0}, {\""merchant_supplied_id\"": \""48013847\"", \""display_name\"": \""Healthy Choice Cafe Steamers Mexican Style Street Corn Meal (9.25 oz)\"", \""ocr_description\"": \""HC CAFE STEAMERS\"", \""quantity\"": {\""value\"": 2.0}, \""price_per_unit\"": {\""unit_amount\"": 229, \""currency\"": \""USD\"", \""display_string\"": \""None2.29\"", \""decimal_places\"": 2, \""sign\"": null, \""symbol\"": null}, \""item_price\"": {\""unit_amount\"": 458, \""currency\"": \""USD\"", \""display_string\"": \""None4.58\"", \""decimal_places\"": 2, \""sign\"": null, \""symbol\"": null}, \""non_discount_price_per_unit\"": {\""unit_amount\"": 449, \""currency\"": \""USD\"", \""display_string\"": \""None4.49\"", \""decimal_places\"": 2, \""sign\"": null, \""symbol\"": null}, \""non_discount_item_price\"": {\""unit_amount\"": 898, \""currency\"": \""USD\"", \""display_string\"": \""None8.98\"", \""decimal_places\"": 2, \""sign\"": null, \""symbol\"": null}, \""sold_by_weight\"": false, \""confidence_score\"": 1.0}, {\""merchant_supplied_id\"": \""84651146\"", \""display_name\"": \""Taylor Farms Salsa Ranch Chopped Kit Salad (12.45 oz)\"", \""ocr_description\"": \""TF SALAD CHOPPED\"", \""quantity\"": {\""value\"": 1.0}, \""price_per_unit\"": {\""unit_amount\"": 350, \""currency\"": \""USD\"", \""display_string\"": \""None3.50\"", \""decimal_places\"": 2, \""sign\"": null, \""symbol\"": null}, \""item_price\"": {\""unit_amount\"": 350, \""currency\"": \""USD\"", \""display_string\"": \""None3.50\"", \""decimal_places\"": 2, \""sign\"": null, \""symbol\"": null}, \""non_discount_price_per_unit\"": {\""unit_amount\"": 429, \""currency\"": \""USD\"", \""display_string\"": \""None4.29\"", \""decimal_places\"": 2, \""sign\"": null, \""symbol\"": null}, \""non_discount_item_price\"": {\""unit_amount\"": 429, \""currency\"": \""USD\"", \""display_string\"": \""None4.29\"", \""decimal_places\"": 2, \""sign\"": null, \""symbol\"": null}, \""sold_by_weight\"": false, \""confidence_score\"": 1.0}, {\""merchant_supplied_id\"": \""84650933\"", \""display_name\"": \""Taylor Farms Mediterranean Crunch Chopped Salad Kit (11 oz)\"", \""ocr_description\"": \""MEDITERRANEAN CHOP\"", \""quantity\"": {\""value\"": 1.0}, \""price_per_unit\"": {\""unit_amount\"": 350, \""currency\"": \""USD\"", \""display_string\"": \""None3.50\"", \""decimal_places\"": 2, \""sign\"": null, \""symbol\"": null}, \""item_price\"": {\""unit_amount\"": 350, \""currency\"": \""USD\"", \""display_string\"": \""None3.50\"", \""decimal_places\"": 2, \""sign\"": null, \""symbol\"": null}, \""non_discount_price_per_unit\"": {\""unit_amount\"": 429, \""currency\"": \""USD\"", \""display_string\"": \""None4.29\"", \""decimal_places\"": 2, \""sign\"": null, \""symbol\"": null}, \""non_discount_item_price\"": {\""unit_amount\"": 429, \""currency\"": \""USD\"", \""display_string\"": \""None4.29\"", \""decimal_places\"": 2, \""sign\"": null, \""symbol\"": null}, \""sold_by_weight\"": false, \""confidence_score\"": 1.0}, {\""merchant_supplied_id\"": \""84650625\"", \""display_name\"": \""Taylor Farms Avocado Ranch Chopped Salad Kit (12.8 oz)\"", \""ocr_description\"": \""TF AVOCADO RANCH\"", \""quantity\"": {\""value\"": 1.0}, \""price_per_unit\"": {\""unit_amount\"": 350, \""currency\"": \""USD\"", \""display_string\"": \""None3.50\"", \""decimal_places\"": 2, \""sign\"": null, \""symbol\"": null}, \""item_price\"": {\""unit_amount\"": 350, \""currency\"": \""USD\"", \""display_string\"": \""None3.50\"", \""decimal_places\"": 2, \""sign\"": null, \""symbol\"": null}, \""non_discount_price_per_unit\"": {\""unit_amount\"": 428, \""currency\"": \""USD\"", \""display_string\"": \""None4.28\"", \""decimal_places\"": 2, \""sign\"": null, \""symbol\"": null}, \""non_discount_item_price\"": {\""unit_amount\"": 428, \""currency\"": \""USD\"", \""display_string\"": \""None4.28\"", \""decimal_places\"": 2, \""sign\"": null, \""symbol\"": null}, \""sold_by_weight\"": false, \""confidence_score\"": 1.0}, {\""merchant_supplied_id\"": \""84650239\"", \""display_name\"": \""Taylor Farms Asian Chopped Salad Kit with Asian Style Sesame Dressing (each)\"", \""ocr_description\"": \""TF ASIAN CHPO SALD\"", \""quantity\"": {\""value\"": 1.0}, \""price_per_unit\"": {\""unit_amount\"": 350, \""currency\"": \""USD\"", \""display_string\"": \""None3.50\"", \""decimal_places\"": 2, \""sign\"": null, \""symbol\"": null}, \""item_price\"": {\""unit_amount\"": 350, \""currency\"": \""USD\"", \""display_string\"": \""None3.50\"", \""decimal_places\"": 2, \""sign\"": null, \""symbol\"": null}, \""non_discount_price_per_unit\"": {\""unit_amount\"": 429, \""currency\"": \""USD\"", \""display_string\"": \""None4.29\"", \""decimal_places\"": 2, \""sign\"": null, \""symbol\"": null}, \""non_discount_item_price\"": {\""unit_amount\"": 429, \""currency\"": \""USD\"", \""display_string\"": \""None4.29\"", \""decimal_places\"": 2, \""sign\"": null, \""symbol\"": null}, \""sold_by_weight\"": false, \""confidence_score\"": 1.0}, {\""merchant_supplied_id\"": \""84100014_WI_1LB\"", \""display_name\"": \""Seedless Green Grapes (each)\"", \""ocr_description\"": \""GREEN SDLSS GRAPES\"", \""quantity\"": {\""value\"": 5.26}, \""price_per_unit\"": {\""unit_amount\"": 299, \""currency\"": \""USD\"", \""display_string\"": \""None2.99\"", \""decimal_places\"": 2, \""sign\"": null, \""symbol\"": null}, \""item_price\"": {\""unit_amount\"": 1573, \""currency\"": \""USD\"", \""display_string\"": \""None15.73\"", \""decimal_places\"": 2, \""sign\"": null, \""symbol\"": null}, \""non_discount_price_per_unit\"": {\""unit_amount\"": 0, \""currency\"": \""USD\"", \""display_string\"": \""None0.00\"", \""decimal_places\"": 2, \""sign\"": null, \""symbol\"": null}, \""non_discount_item_price\"": {\""unit_amount\"": 0, \""currency\"": \""USD\"", \""display_string\"": \""None0.00\"", \""decimal_places\"": 2, \""sign\"": null, \""symbol\"": null}, \""sold_by_weight\"": true, \""confidence_score\"": 1.0}, {\""merchant_supplied_id\"": \""84100012_WI_1LB\"", \""display_name\"": \""Red Seedless Grapes (bunch)\"", \""ocr_description\"": \""RED SOLS GRAPES\"", \""quantity\"": {\""value\"": 4.92}, \""price_per_unit\"": {\""unit_amount\"": 299, \""currency\"": \""USD\"", \""display_string\"": \""None2.99\"", \""decimal_places\"": 2, \""sign\"": null, \""symbol\"": null}, \""item_price\"": {\""unit_amount\"": 1471, \""currency\"": \""USD\"", \""display_string\"": \""None14.71\"", \""decimal_places\"": 2, \""sign\"": null, \""symbol\"": null}, \""non_discount_price_per_unit\"": {\""unit_amount\"": 0, \""currency\"": \""USD\"", \""display_string\"": \""None0.00\"", \""decimal_places\"": 2, \""sign\"": null, \""symbol\"": null}, \""non_discount_item_price\"": {\""unit_amount\"": 0, \""currency\"": \""USD\"", \""display_string\"": \""None0.00\"", \""decimal_places\"": 2, \""sign\"": null, \""symbol\"": null}, \""sold_by_weight\"": true, \""confidence_score\"": 1.0}]""
  },
  {
    ""key"": ""bag_fee_info"",
    ""value"": ""{\""quantity\"": {\""value\"": 0}, \""price_per_unit\"": {\""unit_amount\"": 0, \""currency\"": \""USD\"", \""display_string\"": \""None0.00\"", \""decimal_places\"": 2, \""sign\"": null, \""symbol\"": null}, \""item_price\"": {\""unit_amount\"": 0, \""currency\"": \""USD\"", \""display_string\"": \""None0.00\"", \""decimal_places\"": 2, \""sign\"": null, \""symbol\"": null}, \""confidence_score\"": 1.0}""
  },
  {
    ""key"": ""blink_items_df"",
    ""value"": ""{\""ocr_description\"": {\""0\"": \""HEFTY SLIDER VP ST\"", \""1\"": \""MARIE CLNDRS SLOW\"", \""2\"": \""HC CHICKEN POT PIE\"", \""3\"": \""HEALTHY CHOICE\"", \""4\"": \""HC CAFE STEAMERS\"", \""5\"": \""TF SALAD CHOPPED\"", \""6\"": \""MEDITERRANEAN CHOP\"", \""7\"": \""TF AVOCADO RANCH\"", \""8\"": \""TF ASIAN CHPO SALD\"", \""9\"": \""GREEN SDLSS GRAPES\"", \""10\"": \""RED SOLS GRAPES\"", \""11\"": \""discount_cents\"", \""12\"": \""subtotal_cents\"", \""13\"": \""total_tax_cents\"", \""14\"": \""total_cents\""}, \""quantity\"": {\""0\"": 1.0, \""1\"": 1.0, \""2\"": 3.0, \""3\"": 2.0, \""4\"": 2.0, \""5\"": 1.0, \""6\"": 1.0, \""7\"": 1.0, \""8\"": 1.0, \""9\"": 5.26, \""10\"": 4.92, \""11\"": NaN, \""12\"": NaN, \""13\"": NaN, \""14\"": NaN}, \""price_per_unit_cents\"": {\""0\"": 549.0, \""1\"": 499.0, \""2\"": 302.0, \""3\"": 549.0, \""4\"": 229.0, \""5\"": 350.0, \""6\"": 350.0, \""7\"": 350.0, \""8\"": 350.0, \""9\"": 299.0, \""10\"": 299.0, \""11\"": NaN, \""12\"": NaN, \""13\"": NaN, \""14\"": NaN}, \""item_price_cents\"": {\""0\"": 549, \""1\"": 499, \""2\"": 907, \""3\"": 1098, \""4\"": 458, \""5\"": 350, \""6\"": 350, \""7\"": 350, \""8\"": 350, \""9\"": 1573, \""10\"": 1471, \""11\"": 0, \""12\"": 7955, \""13\"": 0, \""14\"": 7955}}""
  },
  {
    ""key"": ""input_swipe_amount"",
    ""value"": ""7955""
  },
  {
    ""key"": ""is_legible"",
    ""value"": ""true""
  },
  {
    ""key"": ""input_item_info"",
    ""value"": ""[{\""merchant_supplied_id\"": \""84651146\"", \""display_name\"": \""Taylor Farms Salsa Ranch Chopped Kit Salad (12.45 oz)\"", \""scanned_barcode\"": {\""code\"": \""030223024347\"", \""format\"": \""UPCA\""}}, {\""merchant_supplied_id\"": \""48013847\"", \""display_name\"": \""Healthy Choice Cafe Steamers Mexican Style Street Corn Meal (9.25 oz)\"", \""scanned_barcode\"": {\""code\"": \""072655220119\"", \""format\"": \""UPCA\""}}, {\""merchant_supplied_id\"": \""84100014_WI_1LB\"", \""display_name\"": \""Seedless Green Grapes (each)\"", \""scanned_barcode\"": null}, {\""merchant_supplied_id\"": \""48010217\"", \""display_name\"": \""Healthy Choice Frozen Simply Steamers Chicken & Vegetable (9.25 oz)\"", \""scanned_barcode\"": {\""code\"": \""072655001251\"", \""format\"": \""UPCA\""}}, {\""merchant_supplied_id\"": \""48011118\"", \""display_name\"": \""Marie Callender's Frozen Slow Roasted Beef Pot Roast (11 oz)\"", \""scanned_barcode\"": {\""code\"": \""021131302672\"", \""format\"": \""UPCA\""}}, {\""merchant_supplied_id\"": \""48010658\"", \""display_name\"": \""Healthy Choice Cafe Steamers Frozen Chicken Pot Pie(9.6 oz)\"", \""scanned_barcode\"": {\""code\"": \""072655001176\"", \""format\"": \""UPCA\""}}, {\""merchant_supplied_id\"": \""84650239\"", \""display_name\"": \""Taylor Farms Asian Chopped Salad Kit with Asian Style Sesame Dressing (each)\"", \""scanned_barcode\"": {\""code\"": \""824862006303\"", \""format\"": \""UPCA\""}}, {\""merchant_supplied_id\"": \""84650933\"", \""display_name\"": \""Taylor Farms Mediterranean Crunch Chopped Salad Kit (11 oz)\"", \""scanned_barcode\"": {\""code\"": \""030223041092\"", \""format\"": \""UPCA\""}}, {\""merchant_supplied_id\"": \""84100012_WI_1LB\"", \""display_name\"": \""Red Seedless Grapes (bunch)\"", \""scanned_barcode\"": null}, {\""merchant_supplied_id\"": \""84650625\"", \""display_name\"": \""Taylor Farms Avocado Ranch Chopped Salad Kit (12.8 oz)\"", \""scanned_barcode\"": {\""code\"": \""030223041504\"", \""format\"": \""UPCA\""}}, {\""merchant_supplied_id\"": \""74400356\"", \""display_name\"": \""Hefty Slider Storage Bag Quart (40 ct)\"", \""scanned_barcode\"": {\""code\"": \""013700812408\"", \""format\"": \""UPCA\""}}]""
  },
  {
    ""key"": ""url"",
    ""value"": ""\""https://img.cdn4dd.com/cdn-cgi/image/format=auto/https://doordash-static.s3.amazonaws.com/media/photosV2/0db39575-90f7-4ec5-8aaf-ba445642bf0b-retina-large.jpeg\""""
  },
  {
    ""key"": ""sanity_checks"",
    ""value"": ""{\""swipe_match\"": true, \""subtotal_match\"": true, \""tax_match\"": true, \""items_length_match\"": true, \""ok_ocr_name_deduping\"": true, \""item_price_reasonableness\"": true, \""weights_look_ok\"": true, \""bag_fee_max_price\"": true, \""bottle_fee_max_price\"": true, \""bag_fee_max_count\"": true, \""bottle_fee_max_count\"": true, \""tax_vs_subtotal_sanity_check\"": true, \""has_no_unknown_items\"": true, \""has_no_missing_items\"": true, \""delivery_discounts_are_nonzero\"": true}""
  },
  {
    ""key"": ""bottle_fee_info"",
    ""value"": ""{\""quantity\"": {\""value\"": 0}, \""price_per_unit\"": {\""unit_amount\"": 0, \""currency\"": \""USD\"", \""display_string\"": \""None0.00\"", \""decimal_places\"": 2, \""sign\"": null, \""symbol\"": null}, \""item_price\"": {\""unit_amount\"": 0, \""currency\"": \""USD\"", \""display_string\"": \""None0.00\"", \""decimal_places\"": 2, \""sign\"": null, \""symbol\"": null}, \""confidence_score\"": 1.0}""
  },
  {
    ""key"": ""delivery_uuid"",
    ""value"": ""\""5db1ed12-c6db-3001-8d9c-afdedc731ecb\""""
  },
  {
    ""key"": ""missing_item_info"",
    ""value"": ""[]""
  },
  {
    ""key"": ""tax_amount"",
    ""value"": ""{\""money\"": {\""unit_amount\"": 0, \""currency\"": \""USD\"", \""display_string\"": \""None0.00\"", \""decimal_places\"": 2, \""sign\"": null, \""symbol\"": null}, \""confidence_score\"": 1.0}""
  },
  {
    ""key"": ""confidence_score"",
    ""value"": ""1.0""
  },
  {
    ""key"": ""raw_blink_receipt"",
    ""value"": ""{\""banner_id\"": 20, \""barcode\"": \""https://albertsons.onelink.me/wdzy/phayv6cj?af_qr=true\"", \""channel\"": {\""confidence\"": 100, \""value\"": \""Food\""}, \""date\"": {\""confidence\"": 99.97406005859375, \""value\"": \""09/07/2024\""}, \""isDigital\"": false, \""isFraudulent\"": false, \""is_blurry\"": false, \""is_instacart_shopper\"": false, \""is_receipt\"": true, \""is_screen\"": false, \""item_confidence\"": 99, \""last4cc\"": {\""confidence\"": 99.98918914794922, \""value\"": \""7726\""}, \""merchant_confidence\"": 99, \""merchant_name\"": \""Albertsons\"", \""ocr_confidence\"": 98.15727233886719, \""phones\"": [{\""confidence\"": 99.82703399658203, \""value\"": \""877-276-9637\""}], \""products\"": [{\""fullPrice\"": {\""confidence\"": 0, \""value\"": 5.99}, \""infoLines\"": [{\""line\"": 1011, \""text\"": {\""confidence\"": 100, \""value\"": \""Sale Savings -0.50\""}, \""type\"": {\""confidence\"": 100, \""value\"": \""Price Cut\""}}, {\""line\"": 1012, \""text\"": {\""confidence\"": 100, \""value\"": \""REFRIG/FROZEN\""}, \""type\"": {\""confidence\"": 100, \""value\"": \""\""}}], \""line\"": 1010, \""price\"": {\""confidence\"": 99.947509765625, \""value\"": 5.49}, \""price_postfix\"": \""T\"", \""qty\"": {\""confidence\"": 0, \""value\"": 1}, \""rpn\"": {\""confidence\"": 99.86023712158203, \""value\"": \""1370081240\""}, \""rsd\"": {\""confidence\"": 99.86023712158203, \""original_case_value\"": \""HEFTY SLIDER VP ST\"", \""value\"": \""HEFTY SLIDER VP ST\""}, \""totalPrice\"": {\""confidence\"": 0, \""value\"": 5.49}}, {\""line\"": 1013, \""price\"": {\""confidence\"": 100, \""value\"": 4.99}, \""price_postfix\"": \""S\"", \""qty\"": {\""confidence\"": 0, \""value\"": 1}, \""rpn\"": {\""confidence\"": 99.96060180664062, \""value\"": \""2113130267\""}, \""rsd\"": {\""confidence\"": 99.96060180664062, \""original_case_value\"": \""MARIE CLNDRS SLOW\"", \""value\"": \""MARIE CLNDRS SLOW\""}, \""totalPrice\"": {\""confidence\"": 0, \""value\"": 4.99}}, {\""fullPrice\"": {\""confidence\"": 0, \""value\"": 13.47}, \""infoLines\"": [{\""line\"": 1015, \""text\"": {\""confidence\"": 100, \""value\"": \""Sale Savings -4.40\""}, \""type\"": {\""confidence\"": 100, \""value\"": \""Price Cut\""}}], \""line\"": 1014, \""price\"": {\""confidence\"": 99.8397445678711, \""value\"": 3.02}, \""price_postfix\"": \""S\"", \""qty\"": {\""confidence\"": 0, \""value\"": 3}, \""rpn\"": {\""confidence\"": 98.35424041748047, \""value\"": \""7265500117\""}, \""rsd\"": {\""confidence\"": 98.35424041748047, \""original_case_value\"": \""HC CHICKEN POT PIE\"", \""value\"": \""HC CHICKEN POT PIE\""}, \""totalPrice\"": {\""confidence\"": 0, \""value\"": 9.07}}, {\""line\"": 1016, \""price\"": {\""confidence\"": 100, \""value\"": 5.49}, \""price_postfix\"": \""S\"", \""qty\"": {\""confidence\"": 0, \""value\"": 2}, \""rpn\"": {\""confidence\"": 99.90618133544922, \""value\"": \""7265500125\""}, \""rsd\"": {\""confidence\"": 99.90618133544922, \""original_case_value\"": \""HEALTHY CHOICE\"", \""value\"": \""HEALTHY CHOICE\""}, \""totalPrice\"": {\""confidence\"": 0, \""value\"": 10.98}}, {\""fullPrice\"": {\""confidence\"": 0, \""value\"": 8.98}, \""infoLines\"": [{\""line\"": 1018, \""text\"": {\""confidence\"": 100, \""value\"": \""Sale Savings -4.40\""}, \""type\"": {\""confidence\"": 100, \""value\"": \""Price Cut\""}}, {\""line\"": 1019, \""text\"": {\""confidence\"": 100, \""value\"": \""PRODUCE\""}, \""type\"": {\""confidence\"": 100, \""value\"": \""\""}}], \""line\"": 1017, \""price\"": {\""confidence\"": 99.40682983398438, \""value\"": 2.29}, \""price_postfix\"": \""S\"", \""qty\"": {\""confidence\"": 0, \""value\"": 2}, \""rpn\"": {\""confidence\"": 99.70613861083984, \""value\"": \""7265522011\""}, \""rsd\"": {\""confidence\"": 99.70613861083984, \""original_case_value\"": \""HC CAFE STEAMERS\"", \""value\"": \""HC CAFE STEAMERS\""}, \""totalPrice\"": {\""confidence\"": 0, \""value\"": 4.58}}, {\""fullPrice\"": {\""confidence\"": 0, \""value\"": 4.29}, \""infoLines\"": [{\""line\"": 1021, \""text\"": {\""confidence\"": 100, \""value\"": \""Sale Savings -0.79\""}, \""type\"": {\""confidence\"": 100, \""value\"": \""Price Cut\""}}], \""line\"": 1020, \""price\"": {\""confidence\"": 99.81790161132812, \""value\"": 3.5}, \""price_postfix\"": \""S\"", \""qty\"": {\""confidence\"": 0, \""value\"": 1}, \""rpn\"": {\""confidence\"": 99.90469360351562, \""value\"": \""3022302434\""}, \""rsd\"": {\""confidence\"": 99.90469360351562, \""original_case_value\"": \""TF SALAD CHOPPED\"", \""value\"": \""TF SALAD CHOPPED\""}, \""totalPrice\"": {\""confidence\"": 0, \""value\"": 3.5}}, {\""fullPrice\"": {\""confidence\"": 0, \""value\"": 4.29}, \""infoLines\"": [{\""line\"": 1023, \""text\"": {\""confidence\"": 100, \""value\"": \""Sale Savings -0.79\""}, \""type\"": {\""confidence\"": 100, \""value\"": \""Price Cut\""}}], \""line\"": 1022, \""price\"": {\""confidence\"": 99.8131103515625, \""value\"": 3.5}, \""price_postfix\"": \""S\"", \""qty\"": {\""confidence\"": 0, \""value\"": 1}, \""rpn\"": {\""confidence\"": 99.71733856201172, \""value\"": \""3022304109\""}, \""rsd\"": {\""confidence\"": 99.71733856201172, \""original_case_value\"": \""MEDITERRANEAN CHOP\"", \""value\"": \""MEDITERRANEAN CHOP\""}, \""totalPrice\"": {\""confidence\"": 0, \""value\"": 3.5}}, {\""fullPrice\"": {\""confidence\"": 0, \""value\"": 4.28}, \""infoLines\"": [{\""line\"": 1025, \""text\"": {\""confidence\"": 100, \""value\"": \""Sale Savings -0.78\""}, \""type\"": {\""confidence\"": 100, \""value\"": \""Price Cut\""}}], \""line\"": 1024, \""price\"": {\""confidence\"": 99.63485717773438, \""value\"": 3.5}, \""price_postfix\"": \""S\"", \""qty\"": {\""confidence\"": 0, \""value\"": 1}, \""rpn\"": {\""confidence\"": 98.24036407470703, \""value\"": \""3022304150\""}, \""rsd\"": {\""confidence\"": 98.24036407470703, \""original_case_value\"": \""TF AVOCADO RANCH\"", \""value\"": \""TF AVOCADO RANCH\""}, \""totalPrice\"": {\""confidence\"": 0, \""value\"": 3.5}}, {\""fullPrice\"": {\""confidence\"": 0, \""value\"": 4.29}, \""infoLines\"": [{\""line\"": 1027, \""text\"": {\""confidence\"": 100, \""value\"": \""Sale Savings -0.79\""}, \""type\"": {\""confidence\"": 100, \""value\"": \""Price Cut\""}}], \""line\"": 1026, \""price\"": {\""confidence\"": 99.90047454833984, \""value\"": 3.5}, \""price_postfix\"": \""S\"", \""qty\"": {\""confidence\"": 0, \""value\"": 1}, \""rpn\"": {\""confidence\"": 99.8673095703125, \""value\"": \""82486200630\""}, \""rsd\"": {\""confidence\"": 99.8673095703125, \""original_case_value\"": \""TF ASIAN CHPO SALD\"", \""value\"": \""TF ASIAN CHPO SALD\""}, \""totalPrice\"": {\""confidence\"": 0, \""value\"": 3.5}}, {\""infoLines\"": [{\""line\"": 1029, \""text\"": {\""confidence\"": 100, \""value\"": \""WT 5.26 lb @ $2.99 /lb\""}, \""type\"": {\""confidence\"": 100, \""value\"": \""Weight\""}}], \""line\"": 1028, \""price\"": {\""confidence\"": 0, \""value\"": 2.99}, \""price_postfix\"": \""S\"", \""qty\"": {\""confidence\"": 0, \""value\"": 5.26}, \""rpn\"": {\""confidence\"": 100, \""value\"": \""88528200012\""}, \""rsd\"": {\""confidence\"": 99.87174224853516, \""original_case_value\"": \""GREEN SDLSS GRAPES\"", \""value\"": \""GREEN SDLSS GRAPES\""}, \""totalPrice\"": {\""confidence\"": 0, \""value\"": 15.73}, \""uom\"": {\""confidence\"": 0, \""value\"": \""lb\""}}, {\""infoLines\"": [{\""line\"": 1031, \""text\"": {\""confidence\"": 100, \""value\"": \""WT 4.92 lb @ $2.99 /lb\""}, \""type\"": {\""confidence\"": 100, \""value\"": \""Weight\""}}], \""line\"": 1030, \""price\"": {\""confidence\"": 0, \""value\"": 2.99}, \""price_postfix\"": \""S\"", \""qty\"": {\""confidence\"": 0, \""value\"": 4.92}, \""rpn\"": {\""confidence\"": 100, \""value\"": \""88528200038\""}, \""rsd\"": {\""confidence\"": 98.0200424194336, \""original_case_value\"": \""RED SOLS GRAPES\"", \""value\"": \""RED SOLS GRAPES\""}, \""totalPrice\"": {\""confidence\"": 0, \""value\"": 14.71}, \""uom\"": {\""confidence\"": 0, \""value\"": \""lb\""}}], \""purchase_type\"": \""In-Store\"", \""raw_basket\"": \""1370081240 HEFTY SLIDER VP ST 5.99 5.49 T\\nSale Savings -0.50\\nREFRIG/FROZEN\\n2113130267 MARIE CLNDRS SLOW 4.99 4.99 S\\n7265500117 30 HC CHICKEN POT PIE 13.47 9.07 S\\nSale Savings -4.40\\n7265500125 2@ HEALTHY CHOICE 10.98 10.98 S\\n7265522011 20 HC CAFE STEAMERS 8.98 4.58 S\\nSale Savings -4.40\\nPRODUCE\\n3022302434 TF SALAD CHOPPED 4.29 3.50 S\\nSale Savings -0.79\\n3022304109 MEDITERRANEAN CHOP 4.29 3.50 S\\nSale Savings -0.79\\n3022304150 TF AVOCADO RANCH 4.29 3.50 S\\nSale Savings -0.78\\n82486200630 TF ASIAN CHPO SALD 4.29 3.50S\\nSale Savings -0.79\\n88528200012 GREEN SDLSS GRAPES 15.73 15.73 S\\nWT 5.26 lb @ $2.99 /lb\\n88528200038 RED SOLS GRAPES 14.71 14.71 S\\nWT 4.92 lb @ $2.99 /lb\\n\"", \""raw_text_array\"": [\""m Blvd Ste 76\\nPhoenix AZ 85050\\n\\n\\n\\n00002500602752409071630\\n--------------------------------------\\nYOUR CASHIER TODAY WAS Russ\\n--------------------------------------\\nGROC NONEDIBLE Price You Pay\\n1370081240 HEFTY SLIDER VP ST 5.99 5.49 T\\nSale Savings -0.50\\nREFRIG/FROZEN\\n2113130267 MARIE CLNDRS SLOW 4.99 4.99 S\\n7265500117 30 HC CHICKEN POT PIE 13.47 9.07 S\\nSale Savings -4.40\\n7265500125 2@ HEALTHY CHOICE 10.98 10.98 S\\n7265522011 20 HC CAFE STEAMERS 8.98 4.58 S\\nSale Savings -4.40\\nPRODUCE\\n3022302434 TF SALAD CHOPPED 4.29 3.50 S\\nSale Savings -0.79\\n3022304109 MEDITERRANEAN CHOP 4.29 3.50 S\\nSale Savings -0.79\\n3022304150 TF AVOCADO RANCH 4.29 3.50 S\\nSale Savings -0.78\\n82486200630 TF ASIAN CHPO SALD 4.29 3.50S\\nSale Savings -0.79\\n88528200012 GREEN SDLSS GRAPES 15.73 15.73 S\\nWT 5.26 lb @ $2.99 /lb\\n88528200038 RED SOLS GRAPES 14.71 14.71 S\\nWT 4.92 lb @ $2.99 /lb\\n\\nTAX 0.47\\nTAX EXEMPTION -0.47\\n**** BALANCE 79.55\\n\\nQR Mobile Pay 79.55\\nCHANGE 0.00\\nTAX EXEMPT ID: ****************7726\\n--------------------------------------\\nScore Great Deals\\n--------------------------------------\\n--------------------------------------\\nEarn tokens when you purchase\\nparticipating items. Look for\\nparticipating item tags throughout\\nthe store. Redeem your tokens for a\\nchance to win cash and prizes,\\nincluding a grand prize of $10,000!\\nSee official rules for details.\\n--------------------------------------\\nYOUR SAVINGS\\nStore Savings 12.46\\nTotal 12.46\\nTotal Savings Value 14%\\n\\nTOTAL NUMBER OF ITEMS SOLD = 15\\n09/07/24 16:30 25 6 275 4016\\n\\nThank you for shopping Albertsons!\\nFor ALBERTSONS FOR U questions call\\n877-276-9637 or Albertsons.com foru\\n\\nFREE Iu\\nshots\\nwihmo tin uonce\\nGet 10% off\\ngroceries\\n---------------------------------------\\nGet 10% off** groceries with every\\nimmunization.\\nwNo co-payment unless required by your\\nplan\\n**Restrictions apply. Visit pharmacy for\\ndetalls,\\nScan QR Code to schedule an aPpointment\\n---------------------------------------\\nOffer valid until 12/31/24 for receiving a qualifying\\nimmunization. Qualifying ltems do not include\\nImmunizations received in AR, immunizations received by\\ncustomers under 60 years old in NJ and immunlzations\\nother than COVID-19 vaccines in NY. 10% off on a single\\norocery purchase of qualifying items up to $200 (up to\\n$20.total value). $40 minimum purchase reqUired. Limit 1\\ncoupon per transaction In the eVent of a return, coupon\\nsavlngs may be deducted froM refund. Not valid toward\\nprevious purchase,\\n\""], \""raw_trip_footer\"": \""TAX 0.47\\nTAX EXEMPTION -0.47\\n**** BALANCE 79.55\\nQR Mobile Pay 79.55\\nCHANGE 0.00\\nTAX EXEMPT ID : ****************7726\\n--------------------------------------\\nScore Great Deals\\n--------------------------------------\\n--------------------------------------\\nEarn tokens when you purchase\\nparticipating items. Look for\\nparticipating item tags throughout\\nthe store. Redeem your tokens for a\\nchance to win cash and prizes,\\nincluding a grand prize of $10,000!\\nSee official rules for details.\\n--------------------------------------\\nYOUR SAVINGS\\nStore Savings 12.46\\nTotal 12.46\\nTotal Savings Value 14%\\nTOTAL NUMBER OF ITEMS SOLD = 15\\n09/07/24 16:30 25 6 275 4016\\nThank you for shopping Albertsons!\\nFor ALBERTSONS FOR U questions call\\n877-276-9637 or Albertsons.com foru\\nFREE Iu\\nshots\\nwihmo tin uonce\\nGet 10% off\\ngroceries\\n---------------------------------------\\nGet 10% off** groceries with every\\nimmunization.\\nwNo co-payment unless required by your\\nplan\\n**Restrictions apply. Visit pharmacy for\\ndetalls,\\nScan QR Code to schedule an aPpointment\\n---------------------------------------\\nOffer valid until 12/31/24 for receiving a qualifying\\nimmunization. Qualifying ltems do not include\\nImmunizations received in AR, immunizations received by\\ncustomers under 60 years old in NJ and immunlzations\\nother than COVID-19 vaccines in NY. 10% off on a single\\norocery purchase of qualifying items up to $200 (up to\\n$20.total value). $40 minimum purchase reqUired. Limit 1\\ncoupon per transaction In the eVent of a return, coupon\\nsavlngs may be deducted froM refund. Not valid toward\\nprevious purchase,\\n\"", \""raw_trip_header\"": \""m Blvd Ste 76\\nPhoenix AZ 85050\\n00002500602752409071630\\n--------------------------------------\\nYOUR CASHIER TODAY WAS Russ\\n--------------------------------------\\nGROC NONEDIBLE Price You Pay\\n\"", \""register\"": {\""confidence\"": 99.97406005859375, \""value\"": \""275\""}, \""store\"": {\""confidence\"": 99.97406005859375, \""value\"": \""6\""}, \""store_city\"": {\""confidence\"": 99.96768951416016, \""value\"": \""Phoenix\""}, \""store_state\"": {\""confidence\"": 99.96768951416016, \""value\"": \""AZ\""}, \""store_street\"": {\""confidence\"": 95.63738250732422, \""value\"": \""m Blvd Ste 76\""}, \""store_zip\"": {\""confidence\"": 99.96768951416016, \""value\"": \""85050\""}, \""subtotal\"": {\""confidence\"": 100, \""value\"": 79.55}, \""taxes\"": {\""confidence\"": 99.96214294433594, \""value\"": 0}, \""time\"": {\""confidence\"": 99.97406005859375, \""value\"": \""16:30\""}, \""total\"": {\""confidence\"": 99.86325073242188, \""value\"": 79.55}, \""transaction\"": {\""confidence\"": 99.97406005859375, \""value\"": \""4016\""}, \""trip_confidence\"": 100, \""blink_receipt_id\"": \""bd5af604-01d8-446f-ae15-0418671c778b\"", \""cashback\"": 0, \""image_urls\"": [\""https://img.cdn4dd.com/cdn-cgi/image/format=auto/https://doordash-static.s3.amazonaws.com/media/photosV2/0db39575-90f7-4ec5-8aaf-ba445642bf0b-retina-large.jpeg\""], \""country_code\"": \""US\"", \""api_version\"": 14}""
  }
]"
"[
  {
    ""key"": ""unmatched_item_info"",
    ""value"": ""[]""
  },
  {
    ""key"": ""embedding_matching_df"",
    ""value"": ""{\""HONEY CRISP APPLES\"": {\""Seedless Green Grapes (bunch)\"": 0.33233202609611256, \""Strawberries (16 oz)\"": 0.327498277158824, \""Banana (Each)\"": 0.3002477401101402, \""Kiwi\"": 0.29629567873758084, \""Honeycrisp Apples (each)\"": 0.6945140013496177, \""Bag Fee\"": 0.0, \""Bottle Deposit aka CRV\"": 0.0, \""Unknown Item\"": 0.1840192122325783}, \""BANANAS\"": {\""Seedless Green Grapes (bunch)\"": 0.2999038558735495, \""Strawberries (16 oz)\"": 0.32971083954221964, \""Banana (Each)\"": 0.5900272721607595, \""Kiwi\"": 0.3261119845999591, \""Honeycrisp Apples (each)\"": 0.2598445348110788, \""Bag Fee\"": 0.2955994360513058, \""Bottle Deposit aka CRV\"": 0.18041066279399587, \""Unknown Item\"": 0.13377803141871608}, \""GREEN SEEDLSS GRAPES\"": {\""Seedless Green Grapes (bunch)\"": 0.6970957049310543, \""Strawberries (16 oz)\"": 0.27805374097247065, \""Banana (Each)\"": 0.2737495018251562, \""Kiwi\"": 0.3312139278421968, \""Honeycrisp Apples (each)\"": 0.29327366191485643, \""Bag Fee\"": 0.0, \""Bottle Deposit aka CRV\"": 0.0, \""Unknown Item\"": 0.2317488110017693}, \""KIWI\"": {\""Seedless Green Grapes (bunch)\"": 0.28917630052987536, \""Strawberries (16 oz)\"": 0.2455606937984801, \""Banana (Each)\"": 0.307425302925896, \""Kiwi\"": 0.877720826032514, \""Honeycrisp Apples (each)\"": 0.27324193829736904, \""Bag Fee\"": 0.27788668988042237, \""Bottle Deposit aka CRV\"": 0.22409442221130546, \""Unknown Item\"": 0.18119812511820302}, \""STRAWBERRIES 1LB\"": {\""Seedless Green Grapes (bunch)\"": 0.4636846334837659, \""Strawberries (16 oz)\"": 0.7235129818301281, \""Banana (Each)\"": 0.4220086569422502, \""Kiwi\"": 0.28635156355430763, \""Honeycrisp Apples (each)\"": 0.4368324544725536, \""Bag Fee\"": 0.0, \""Bottle Deposit aka CRV\"": 0.0, \""Unknown Item\"": 0.19657976633849708}, \""BAG FEE TXBL\"": {\""Seedless Green Grapes (bunch)\"": 0.22168188729438276, \""Strawberries (16 oz)\"": 0.2002100976369561, \""Banana (Each)\"": 0.2669216827631919, \""Kiwi\"": 0.1651768218485617, \""Honeycrisp Apples (each)\"": 0.20278442290837484, \""Bag Fee\"": 0.6891165633146514, \""Bottle Deposit aka CRV\"": 0.33498475083379087, \""Unknown Item\"": 0.17131992661601655}, \""Unknown Item\"": {\""Seedless Green Grapes (bunch)\"": 0.24865758140820618, \""Strawberries (16 oz)\"": 0.19144791005717993, \""Banana (Each)\"": 0.25799773010120053, \""Kiwi\"": 0.2581459717703184, \""Honeycrisp Apples (each)\"": 0.2232601451348842, \""Bag Fee\"": 0.30045181350725836, \""Bottle Deposit aka CRV\"": 0.21779990495262982, \""Unknown Item\"": 0.9990009990989842}}""
  },
  {
    ""key"": ""total_amount"",
    ""value"": ""{\""money\"": {\""unit_amount\"": 1757, \""currency\"": \""USD\"", \""display_string\"": \""None17.57\"", \""decimal_places\"": 2, \""sign\"": null, \""symbol\"": null}, \""confidence_score\"": 1.0}""
  },
  {
    ""key"": ""discount_amount"",
    ""value"": ""{\""money\"": {\""unit_amount\"": 0, \""currency\"": \""USD\"", \""display_string\"": \""None0.00\"", \""decimal_places\"": 2, \""sign\"": null, \""symbol\"": null}, \""confidence_score\"": 1.0}""
  },
  {
    ""key"": ""business_id"",
    ""value"": ""11846810""
  },
  {
    ""key"": ""subtotal_amount"",
    ""value"": ""{\""money\"": {\""unit_amount\"": 1756, \""currency\"": \""USD\"", \""display_string\"": \""None17.56\"", \""decimal_places\"": 2, \""sign\"": null, \""symbol\"": null}, \""confidence_score\"": 1.0}""
  },
  {
    ""key"": ""tax_confidence_score"",
    ""value"": ""1.0""
  },
  {
    ""key"": ""matched_item_info"",
    ""value"": ""[{\""merchant_supplied_id\"": \""00000000003283\"", \""display_name\"": \""Honeycrisp Apples (each)\"", \""ocr_description\"": \""HONEY CRISP APPLES\"", \""quantity\"": {\""value\"": 2.49}, \""price_per_unit\"": {\""unit_amount\"": 185, \""currency\"": \""USD\"", \""display_string\"": \""None1.85\"", \""decimal_places\"": 2, \""sign\"": null, \""symbol\"": null}, \""item_price\"": {\""unit_amount\"": 461, \""currency\"": \""USD\"", \""display_string\"": \""None4.61\"", \""decimal_places\"": 2, \""sign\"": null, \""symbol\"": null}, \""non_discount_price_per_unit\"": {\""unit_amount\"": 0, \""currency\"": \""USD\"", \""display_string\"": \""None0.00\"", \""decimal_places\"": 2, \""sign\"": null, \""symbol\"": null}, \""non_discount_item_price\"": {\""unit_amount\"": 0, \""currency\"": \""USD\"", \""display_string\"": \""None0.00\"", \""decimal_places\"": 2, \""sign\"": null, \""symbol\"": null}, \""sold_by_weight\"": true, \""confidence_score\"": 1.0}, {\""merchant_supplied_id\"": \""00000000004011\"", \""display_name\"": \""Banana (Each)\"", \""ocr_description\"": \""BANANAS\"", \""quantity\"": {\""value\"": 2.25}, \""price_per_unit\"": {\""unit_amount\"": 58, \""currency\"": \""USD\"", \""display_string\"": \""None0.58\"", \""decimal_places\"": 2, \""sign\"": null, \""symbol\"": null}, \""item_price\"": {\""unit_amount\"": 131, \""currency\"": \""USD\"", \""display_string\"": \""None1.31\"", \""decimal_places\"": 2, \""sign\"": null, \""symbol\"": null}, \""non_discount_price_per_unit\"": {\""unit_amount\"": 0, \""currency\"": \""USD\"", \""display_string\"": \""None0.00\"", \""decimal_places\"": 2, \""sign\"": null, \""symbol\"": null}, \""non_discount_item_price\"": {\""unit_amount\"": 0, \""currency\"": \""USD\"", \""display_string\"": \""None0.00\"", \""decimal_places\"": 2, \""sign\"": null, \""symbol\"": null}, \""sold_by_weight\"": true, \""confidence_score\"": 1.0}, {\""merchant_supplied_id\"": \""00000000004022\"", \""display_name\"": \""Seedless Green Grapes (bunch)\"", \""ocr_description\"": \""GREEN SEEDLSS GRAPES\"", \""quantity\"": {\""value\"": 2.82}, \""price_per_unit\"": {\""unit_amount\"": 219, \""currency\"": \""USD\"", \""display_string\"": \""None2.19\"", \""decimal_places\"": 2, \""sign\"": null, \""symbol\"": null}, \""item_price\"": {\""unit_amount\"": 618, \""currency\"": \""USD\"", \""display_string\"": \""None6.18\"", \""decimal_places\"": 2, \""sign\"": null, \""symbol\"": null}, \""non_discount_price_per_unit\"": {\""unit_amount\"": 0, \""currency\"": \""USD\"", \""display_string\"": \""None0.00\"", \""decimal_places\"": 2, \""sign\"": null, \""symbol\"": null}, \""non_discount_item_price\"": {\""unit_amount\"": 0, \""currency\"": \""USD\"", \""display_string\"": \""None0.00\"", \""decimal_places\"": 2, \""sign\"": null, \""symbol\"": null}, \""sold_by_weight\"": true, \""confidence_score\"": 1.0}, {\""merchant_supplied_id\"": \""00000000004030\"", \""display_name\"": \""Kiwi\"", \""ocr_description\"": \""KIWI\"", \""quantity\"": {\""value\"": 3.0}, \""price_per_unit\"": {\""unit_amount\"": 79, \""currency\"": \""USD\"", \""display_string\"": \""None0.79\"", \""decimal_places\"": 2, \""sign\"": null, \""symbol\"": null}, \""item_price\"": {\""unit_amount\"": 237, \""currency\"": \""USD\"", \""display_string\"": \""None2.37\"", \""decimal_places\"": 2, \""sign\"": null, \""symbol\"": null}, \""non_discount_price_per_unit\"": {\""unit_amount\"": 0, \""currency\"": \""USD\"", \""display_string\"": \""None0.00\"", \""decimal_places\"": 2, \""sign\"": null, \""symbol\"": null}, \""non_discount_item_price\"": {\""unit_amount\"": 0, \""currency\"": \""USD\"", \""display_string\"": \""None0.00\"", \""decimal_places\"": 2, \""sign\"": null, \""symbol\"": null}, \""sold_by_weight\"": false, \""confidence_score\"": 1.0}, {\""merchant_supplied_id\"": \""00000000004253\"", \""display_name\"": \""Strawberries (16 oz)\"", \""ocr_description\"": \""STRAWBERRIES 1LB\"", \""quantity\"": {\""value\"": 1.0}, \""price_per_unit\"": {\""unit_amount\"": 299, \""currency\"": \""USD\"", \""display_string\"": \""None2.99\"", \""decimal_places\"": 2, \""sign\"": null, \""symbol\"": null}, \""item_price\"": {\""unit_amount\"": 299, \""currency\"": \""USD\"", \""display_string\"": \""None2.99\"", \""decimal_places\"": 2, \""sign\"": null, \""symbol\"": null}, \""non_discount_price_per_unit\"": {\""unit_amount\"": 0, \""currency\"": \""USD\"", \""display_string\"": \""None0.00\"", \""decimal_places\"": 2, \""sign\"": null, \""symbol\"": null}, \""non_discount_item_price\"": {\""unit_amount\"": 0, \""currency\"": \""USD\"", \""display_string\"": \""None0.00\"", \""decimal_places\"": 2, \""sign\"": null, \""symbol\"": null}, \""sold_by_weight\"": false, \""confidence_score\"": 1.0}]""
  },
  {
    ""key"": ""bag_fee_info"",
    ""value"": ""{\""quantity\"": {\""value\"": 2.0}, \""price_per_unit\"": {\""unit_amount\"": 5, \""currency\"": \""USD\"", \""display_string\"": \""None0.05\"", \""decimal_places\"": 2, \""sign\"": null, \""symbol\"": null}, \""item_price\"": {\""unit_amount\"": 10, \""currency\"": \""USD\"", \""display_string\"": \""None0.10\"", \""decimal_places\"": 2, \""sign\"": null, \""symbol\"": null}, \""confidence_score\"": 1.0}""
  },
  {
    ""key"": ""blink_items_df"",
    ""value"": ""{\""ocr_description\"": {\""0\"": \""HONEY CRISP APPLES\"", \""1\"": \""BANANAS\"", \""2\"": \""GREEN SEEDLSS GRAPES\"", \""3\"": \""KIWI\"", \""4\"": \""STRAWBERRIES 1LB\"", \""5\"": \""BAG FEE TXBL\"", \""6\"": \""discount_cents\"", \""7\"": \""subtotal_cents\"", \""8\"": \""total_tax_cents\"", \""9\"": \""total_cents\""}, \""quantity\"": {\""0\"": 2.49, \""1\"": 2.25, \""2\"": 2.82, \""3\"": 3.0, \""4\"": 1.0, \""5\"": 2.0, \""6\"": NaN, \""7\"": NaN, \""8\"": NaN, \""9\"": NaN}, \""price_per_unit_cents\"": {\""0\"": 185.0, \""1\"": 58.0, \""2\"": 219.0, \""3\"": 79.0, \""4\"": 299.0, \""5\"": 5.0, \""6\"": NaN, \""7\"": NaN, \""8\"": NaN, \""9\"": NaN}, \""item_price_cents\"": {\""0\"": 461, \""1\"": 131, \""2\"": 618, \""3\"": 237, \""4\"": 299, \""5\"": 10, \""6\"": 0, \""7\"": 1756, \""8\"": 1, \""9\"": 1757}}""
  },
  {
    ""key"": ""input_swipe_amount"",
    ""value"": ""1757""
  },
  {
    ""key"": ""is_legible"",
    ""value"": ""true""
  },
  {
    ""key"": ""input_item_info"",
    ""value"": ""[{\""merchant_supplied_id\"": \""00000000004022\"", \""display_name\"": \""Seedless Green Grapes (bunch)\"", \""scanned_barcode\"": null}, {\""merchant_supplied_id\"": \""00000000004253\"", \""display_name\"": \""Strawberries (16 oz)\"", \""scanned_barcode\"": null}, {\""merchant_supplied_id\"": \""00000000004011\"", \""display_name\"": \""Banana (Each)\"", \""scanned_barcode\"": null}, {\""merchant_supplied_id\"": \""00000000004030\"", \""display_name\"": \""Kiwi\"", \""scanned_barcode\"": null}, {\""merchant_supplied_id\"": \""00000000003283\"", \""display_name\"": \""Honeycrisp Apples (each)\"", \""scanned_barcode\"": null}]""
  },
  {
    ""key"": ""url"",
    ""value"": ""\""https://img.cdn4dd.com/cdn-cgi/image/format=auto/https://doordash-static.s3.amazonaws.com/media/photosV2/09de5761-9a1c-4974-990f-28dfcd5b3a69-retina-large.jpeg\""""
  },
  {
    ""key"": ""sanity_checks"",
    ""value"": ""{\""swipe_match\"": true, \""subtotal_match\"": true, \""tax_match\"": true, \""items_length_match\"": true, \""ok_ocr_name_deduping\"": true, \""item_price_reasonableness\"": true, \""weights_look_ok\"": true, \""bag_fee_max_price\"": true, \""bottle_fee_max_price\"": true, \""bag_fee_max_count\"": true, \""bottle_fee_max_count\"": true, \""tax_vs_subtotal_sanity_check\"": true, \""has_no_unknown_items\"": true, \""has_no_missing_items\"": true, \""delivery_discounts_are_nonzero\"": true}""
  },
  {
    ""key"": ""bottle_fee_info"",
    ""value"": ""{\""quantity\"": {\""value\"": 0}, \""price_per_unit\"": {\""unit_amount\"": 0, \""currency\"": \""USD\"", \""display_string\"": \""None0.00\"", \""decimal_places\"": 2, \""sign\"": null, \""symbol\"": null}, \""item_price\"": {\""unit_amount\"": 0, \""currency\"": \""USD\"", \""display_string\"": \""None0.00\"", \""decimal_places\"": 2, \""sign\"": null, \""symbol\"": null}, \""confidence_score\"": 1.0}""
  },
  {
    ""key"": ""delivery_uuid"",
    ""value"": ""\""f14ef40e-1f14-3001-8fc6-7ec514d126e7\""""
  },
  {
    ""key"": ""missing_item_info"",
    ""value"": ""[]""
  },
  {
    ""key"": ""tax_amount"",
    ""value"": ""{\""money\"": {\""unit_amount\"": 1, \""currency\"": \""USD\"", \""display_string\"": \""None0.01\"", \""decimal_places\"": 2, \""sign\"": null, \""symbol\"": null}, \""confidence_score\"": 1.0}""
  },
  {
    ""key"": ""confidence_score"",
    ""value"": ""1.0""
  },
  {
    ""key"": ""raw_blink_receipt"",
    ""value"": ""{\""banner_id\"": 160, \""cardTypeFromAID\"": true, \""cashier\"": {\""confidence\"": 99.95989227294922, \""value\"": \""0503\""}, \""channel\"": {\""confidence\"": 100, \""value\"": \""Food\""}, \""date\"": {\""confidence\"": 99.8983154296875, \""value\"": \""09/07/2024\""}, \""isDigital\"": false, \""isFraudulent\"": false, \""is_blurry\"": false, \""is_instacart_shopper\"": false, \""is_receipt\"": true, \""is_screen\"": false, \""item_confidence\"": 99, \""last4cc\"": {\""confidence\"": 99.9517593383789, \""value\"": \""3681\""}, \""merchant_confidence\"": 100, \""merchant_name\"": \""Hannaford\"", \""ocr_confidence\"": 99.16630554199219, \""paymentMethods\"": [{\""amount\"": {\""confidence\"": 0, \""value\"": 17.57}, \""cardType\"": {\""confidence\"": 100, \""value\"": \""Mastercard\""}, \""method\"": {\""confidence\"": 99.99002838134766, \""value\"": \""Credit\""}}], \""phones\"": [{\""confidence\"": 95.41773986816406, \""value\"": \""315-853-5090\""}], \""products\"": [{\""line\"": 1010, \""price\"": {\""confidence\"": 96.06340026855469, \""value\"": 0}, \""qty\"": {\""confidence\"": 0, \""value\"": 1}, \""rsd\"": {\""confidence\"": 99.9314956665039, \""original_case_value\"": \""Unata\"", \""value\"": \""UNATA\""}, \""totalPrice\"": {\""confidence\"": 0, \""value\"": 0}}, {\""infoLines\"": [{\""line\"": 1014, \""text\"": {\""confidence\"": 100, \""value\"": \""2.49 lb @ 1.85/lb 4.61 *\""}, \""type\"": {\""confidence\"": 100, \""value\"": \""Weight\""}}], \""line\"": 1013, \""price\"": {\""confidence\"": 0, \""value\"": 1.85}, \""price_postfix\"": \""*\"", \""qty\"": {\""confidence\"": 0, \""value\"": 2.49}, \""rsd\"": {\""confidence\"": 100, \""original_case_value\"": \""HONEY CRISP APPLES\"", \""value\"": \""HONEY CRISP APPLES\""}, \""rsd_postfix\"": \"" W\"", \""totalPrice\"": {\""confidence\"": 0, \""value\"": 4.61}, \""uom\"": {\""confidence\"": 0, \""value\"": \""LB\""}}, {\""infoLines\"": [{\""line\"": 1016, \""text\"": {\""confidence\"": 100, \""value\"": \""2.25 lb @ 0.58/lb 1.31 *\""}, \""type\"": {\""confidence\"": 100, \""value\"": \""Weight\""}}], \""line\"": 1015, \""price\"": {\""confidence\"": 0, \""value\"": 0.58}, \""price_postfix\"": \""*\"", \""qty\"": {\""confidence\"": 0, \""value\"": 2.25}, \""rsd\"": {\""confidence\"": 100, \""original_case_value\"": \""BANANAS\"", \""value\"": \""BANANAS\""}, \""rsd_postfix\"": \"" W\"", \""totalPrice\"": {\""confidence\"": 0, \""value\"": 1.31}, \""uom\"": {\""confidence\"": 0, \""value\"": \""LB\""}}, {\""infoLines\"": [{\""line\"": 1018, \""text\"": {\""confidence\"": 100, \""value\"": \""2.82 lb @ 2.19/lb 6.18 *\""}, \""type\"": {\""confidence\"": 100, \""value\"": \""Weight\""}}], \""line\"": 1017, \""price\"": {\""confidence\"": 0, \""value\"": 2.19}, \""price_postfix\"": \""*\"", \""qty\"": {\""confidence\"": 0, \""value\"": 2.82}, \""rsd\"": {\""confidence\"": 100, \""original_case_value\"": \""GREEN SDLSS GRAPES\"", \""value\"": \""GREEN SEEDLSS GRAPES\""}, \""rsd_postfix\"": \"" W\"", \""totalPrice\"": {\""confidence\"": 0, \""value\"": 6.18}, \""uom\"": {\""confidence\"": 0, \""value\"": \""LB\""}}, {\""infoLines\"": [{\""line\"": 1020, \""text\"": {\""confidence\"": 100, \""value\"": \""3 @ 0.79 2.37 *\""}, \""type\"": {\""confidence\"": 100, \""value\"": \""Quantity\""}}], \""line\"": 1019, \""price\"": {\""confidence\"": 99.95668029785156, \""value\"": 0.79}, \""price_postfix\"": \""*\"", \""qty\"": {\""confidence\"": 0, \""value\"": 3}, \""rsd\"": {\""confidence\"": 99.95668029785156, \""original_case_value\"": \""KIWI\"", \""value\"": \""KIWI\""}, \""rsd_postfix\"": \"" W\"", \""totalPrice\"": {\""confidence\"": 0, \""value\"": 2.37}}, {\""line\"": 1021, \""price\"": {\""confidence\"": 99.93608856201172, \""value\"": 2.99}, \""price_postfix\"": \""*\"", \""qty\"": {\""confidence\"": 0, \""value\"": 1}, \""rsd\"": {\""confidence\"": 99.9615249633789, \""original_case_value\"": \""STRAWBERRIES 1LB\"", \""value\"": \""STRAWBERRIES 1LB\""}, \""rsd_postfix\"": \"" W\"", \""totalPrice\"": {\""confidence\"": 0, \""value\"": 2.99}}, {\""infoLines\"": [{\""line\"": 1025, \""text\"": {\""confidence\"": 100, \""value\"": \""2 @ 0.05 0.10 A\""}, \""type\"": {\""confidence\"": 100, \""value\"": \""Quantity\""}}], \""line\"": 1024, \""price\"": {\""confidence\"": 99.9744873046875, \""value\"": 0.05}, \""price_postfix\"": \""A\"", \""qty\"": {\""confidence\"": 0, \""value\"": 2}, \""rsd\"": {\""confidence\"": 99.9744873046875, \""original_case_value\"": \""BAG FEE TXBL\"", \""value\"": \""BAG FEE TXBL\""}, \""totalPrice\"": {\""confidence\"": 0, \""value\"": 0.1}}], \""purchase_type\"": \""In-Store\"", \""raw_basket\"": \""Unata 0.00\\nPRODUCE\\nHONEY CRISP APPLES W\\n2.49 lb @ 1.85/lb 4.61 *\\nBANANAS W\\n2.25 lb @ 0.58/lb 1.31 *\\nGREEN SDLSS GRAPES W\\n2.82 lb @ 2.19/lb 6.18 *\\nKIWI W\\n3 @ 0.79 2.37 *\\nSTRAWBERRIES 1LBW 2.99 *\\nSERVICE CENIER\\nBAG FEE TXBL\\n2 @ 0.05 0.10 A\\n\"", \""raw_text_array\"": [\""oa\\n\\n\\n\\n\\n55 Meadow Street - Clinton NY 13323\\n(315) 853-5090 - www.hannaford.com\\n\\n\\nGROCERY\\nUnata 0.00\\n\\nPRODUCE\\nHONEY CRISP APPLES W\\n2.49 lb @ 1.85/lb 4.61 *\\nBANANAS W\\n2.25 lb @ 0.58/lb 1.31 *\\nGREEN SDLSS GRAPES W\\n2.82 lb @ 2.19/lb 6.18 *\\nKIWI W\\n3 @ 0.79 2.37 *\\nSTRAWBERRIES 1LB W 2.99 *\\n\\nSERVICE CENIER\\nBAG FEE TXBL\\n2 @ 0.05 0.10 A\\n\\nTax Paid\\nSls Tax 8.75 0.10 0.01\\n\\n10 BALANCE DUE 17.57\\nMasterCard $17.57\\n---------------------------------------\\nMID: 0101479\\nRRN: 538767\\n\\nSALE\\n\\nXXXXXXXXXXXX3681\\nMasterCard Entry Methcd:Crtctless\\n09/07/2024 12:02:53\\nINVOICE: 538767\\n\\nTotal: USC$ 17.57\\n\\nAPPROVED 245480\\nMASTERCARD\\nAID: A0000000041010\\nTVR: 0000008001\\nTSI: A800\\n---------------------------------------\\nCHANGE 0.00\\n****************************************\\nWe value your opinion!\\nTell us about your visit for a chance\\nto win $500 in free groceries.\\n\\nWithin the next 5 days please visit:\\nwww.TalkToHannaford.com\\n\\nTambiBn disponible en espatol.\\n5 winners per month\\nSee website for complete rules.\\n\\n\\nPIN:0907831380532868\\n***************************************\\nSTORE:08313 REGISTER:053 CASHIER:0503\\nTICKET#:2868 7SEP2024 12:02:55\\nStore Hours Sun-Sat 7:00AM t ) 10:00PM\\nThank You For Shopping Your\\nCLINTON HANNAFORD\\nSTORE MANAGER\\n\""], \""raw_trip_footer\"": \""Tax Paid\\nSls Tax 8.75 0.10 0.01\\n10 BALANCE DUE 17.57\\nMasterCard $17.57\\n---------------------------------------\\nMID: 0101479\\nRRN: 538767\\nSALE\\nXXXXXXXXXXXX3681\\nMasterCard Entry Methcd:Crtctless\\n09/07/2024 12:02:53\\nINVOICE: 538767\\nTotal: USC 17.57\\nAPPROVED 245480\\nMASTERCARD\\nAID: A0000000041010\\nTVR: 0000008001\\nTSI: A800\\n---------------------------------------\\nCHANGE 0.00\\n****************************************\\nWe value your opinion!\\nTell us about your visit for a chance\\nto win $500 in free groceries.\\nWithin the next 5 days please visit:\\nwww.TalkToHannaford.com\\nTambiBn disponible en espatol.\\n5 winners per month\\nSee website for complete rules.\\nPIN:0907831380532868\\n***************************************\\nSTORE:08313 REGISTER:053 CASHIER:0503\\nTICKET#:2868 7SEP2024 12:02:55\\nStore Hours Sun-Sat 7:00AM t ) 10:00PM\\nThank You For Shopping Your\\nCLINTON HANNAFORD\\nSTORE MANAGER\\n\"", \""raw_trip_header\"": \""oa\\n55 Meadow Street - Clinton NY 13323\\n(315) 853-5090 - www.hannaford.com\\nGROCERY\\n\"", \""store\"": {\""confidence\"": 99.95989227294922, \""value\"": \""8313\""}, \""store_city\"": {\""confidence\"": 100, \""value\"": \""Clinton\""}, \""store_state\"": {\""confidence\"": 100, \""value\"": \""NY\""}, \""store_street\"": {\""confidence\"": 100, \""value\"": \""55 Meadow Street\""}, \""store_zip\"": {\""confidence\"": 100, \""value\"": \""13323\""}, \""subtotal\"": {\""confidence\"": 99.87588500976562, \""value\"": 17.56}, \""taxes\"": {\""confidence\"": 96.94447326660156, \""value\"": 0.01}, \""time\"": {\""confidence\"": 99.98914337158203, \""value\"": \""12:02\""}, \""total\"": {\""confidence\"": 95, \""value\"": 17.57}, \""trip_confidence\"": 100, \""blink_receipt_id\"": \""ba05dea4-8441-47b8-b114-9078721bee5e\"", \""cashback\"": 0, \""image_urls\"": [\""https://img.cdn4dd.com/cdn-cgi/image/format=auto/https://doordash-static.s3.amazonaws.com/media/photosV2/09de5761-9a1c-4974-990f-28dfcd5b3a69-retina-large.jpeg\""], \""country_code\"": \""US\"", \""api_version\"": 14}""
  }
]"
"[
  {
    ""key"": ""unmatched_item_info"",
    ""value"": ""[]""
  },
  {
    ""key"": ""embedding_matching_df"",
    ""value"": ""{\""CHICKEN SANDWICH\"": {\""Dr. Bronner's Spray Hand Sanitizer Organic Peppermint (2 oz)\"": 0.1552319834487227, \""New Seasons Market Grab & Go Chicken Curry Sandwich\"": 0.5090344679764338, \""Stonefire Original Naan Dippers Flatbread (7.05 oz)\"": 0.30177788829325214, \""New Seasons Market Mini Peanut Butter Chocolate Cookies (12 ct)\"": 0.27555427116697895, \""Naked No Sugar Added Rainbow Machine Juice Bottle (15.2 oz)\"": 0.19371340741367327, \""New Seasons Market Broccoli Cheddar Soup (24 oz)\"": 0.3289370228505495, \""New Seasons Market Curvy Macaroni Pasta (16 oz)\"": 0.26058132989111954, \""King Harvest Roasted Pepper Hummus (10 oz)\"": 0.3107665381682787, \""Organic Cucumber\"": 0.2778818053603252, \""New Seasons Market Basil Pesto (7 oz)\"": 0.25740270488799394, \""Organic Snap Peas (each)\"": 0.23443240217558586, \""La Fermiere Creme Vanille French Dessert (4.4 oz)\"": 0.22674573173163104, \""Bag Fee\"": 0.0, \""Bottle Deposit aka CRV\"": 0.0, \""Unknown Item\"": 0.18123988872703659}, \""LAFERM DESSERT\"": {\""Dr. Bronner's Spray Hand Sanitizer Organic Peppermint (2 oz)\"": 0.16071376932573436, \""New Seasons Market Grab & Go Chicken Curry Sandwich\"": 0.2499117821506794, \""Stonefire Original Naan Dippers Flatbread (7.05 oz)\"": 0.25392595225343606, \""New Seasons Market Mini Peanut Butter Chocolate Cookies (12 ct)\"": 0.2572633878105525, \""Naked No Sugar Added Rainbow Machine Juice Bottle (15.2 oz)\"": 0.2638758405049437, \""New Seasons Market Broccoli Cheddar Soup (24 oz)\"": 0.262834468162366, \""New Seasons Market Curvy Macaroni Pasta (16 oz)\"": 0.25312888415111306, \""King Harvest Roasted Pepper Hummus (10 oz)\"": 0.27567114678045646, \""Organic Cucumber\"": 0.2942711356389456, \""New Seasons Market Basil Pesto (7 oz)\"": 0.27887982864903704, \""Organic Snap Peas (each)\"": 0.20472327860862335, \""La Fermiere Creme Vanille French Dessert (4.4 oz)\"": 0.5115264353355603, \""Bag Fee\"": 0.0, \""Bottle Deposit aka CRV\"": 0.0, \""Unknown Item\"": 0.2249081582939958}, \""KING HUMMUS\"": {\""Dr. Bronner's Spray Hand Sanitizer Organic Peppermint (2 oz)\"": 0.1923075080488112, \""New Seasons Market Grab & Go Chicken Curry Sandwich\"": 0.3129427067193561, \""Stonefire Original Naan Dippers Flatbread (7.05 oz)\"": 0.30032666097961574, \""New Seasons Market Mini Peanut Butter Chocolate Cookies (12 ct)\"": 0.23553989450793383, \""Naked No Sugar Added Rainbow Machine Juice Bottle (15.2 oz)\"": 0.24012782562146165, \""New Seasons Market Broccoli Cheddar Soup (24 oz)\"": 0.2987257626836819, \""New Seasons Market Curvy Macaroni Pasta (16 oz)\"": 0.2661054303717061, \""King Harvest Roasted Pepper Hummus (10 oz)\"": 0.5493809974197197, \""Organic Cucumber\"": 0.312533188094074, \""New Seasons Market Basil Pesto (7 oz)\"": 0.3235784956013316, \""Organic Snap Peas (each)\"": 0.25208666128446855, \""La Fermiere Creme Vanille French Dessert (4.4 oz)\"": 0.24345214743600901, \""Bag Fee\"": 0.0, \""Bottle Deposit aka CRV\"": 0.0, \""Unknown Item\"": 0.1608496948656065}, \""NAKED SMOOTHIE\"": {\""Dr. Bronner's Spray Hand Sanitizer Organic Peppermint (2 oz)\"": 0.19414901404757218, \""New Seasons Market Grab & Go Chicken Curry Sandwich\"": 0.29575591698074205, \""Stonefire Original Naan Dippers Flatbread (7.05 oz)\"": 0.20929857597128643, \""New Seasons Market Mini Peanut Butter Chocolate Cookies (12 ct)\"": 0.22884897781032462, \""Naked No Sugar Added Rainbow Machine Juice Bottle (15.2 oz)\"": 0.5723692516461842, \""New Seasons Market Broccoli Cheddar Soup (24 oz)\"": 0.30207642909443533, \""New Seasons Market Curvy Macaroni Pasta (16 oz)\"": 0.25857075943957974, \""King Harvest Roasted Pepper Hummus (10 oz)\"": 0.29363910674252985, \""Organic Cucumber\"": 0.36348336348392846, \""New Seasons Market Basil Pesto (7 oz)\"": 0.2534610869861503, \""Organic Snap Peas (each)\"": 0.27805811582223416, \""La Fermiere Creme Vanille French Dessert (4.4 oz)\"": 0.2629900236811074, \""Bag Fee\"": 0.0, \""Bottle Deposit aka CRV\"": 0.0, \""Unknown Item\"": 0.2085123618768413}, \""OR DEP/CA CRV\"": {\""Dr. Bronner's Spray Hand Sanitizer Organic Peppermint (2 oz)\"": 0.16091855513074754, \""New Seasons Market Grab & Go Chicken Curry Sandwich\"": 0.15825093717811411, \""Stonefire Original Naan Dippers Flatbread (7.05 oz)\"": 0.11383576685562204, \""New Seasons Market Mini Peanut Butter Chocolate Cookies (12 ct)\"": 0.16957104038207055, \""Naked No Sugar Added Rainbow Machine Juice Bottle (15.2 oz)\"": 0.129278533632617, \""New Seasons Market Broccoli Cheddar Soup (24 oz)\"": 0.1580237341536404, \""New Seasons Market Curvy Macaroni Pasta (16 oz)\"": 0.16697172297051802, \""King Harvest Roasted Pepper Hummus (10 oz)\"": 0.16093935483242777, \""Organic Cucumber\"": 0.20234562922100655, \""New Seasons Market Basil Pesto (7 oz)\"": 0.17263945282050003, \""Organic Snap Peas (each)\"": 0.186311858208653, \""La Fermiere Creme Vanille French Dessert (4.4 oz)\"": 0.14556453574253544, \""Bag Fee\"": 0.24393072021594603, \""Bottle Deposit aka CRV\"": 0.5534420913504617, \""Unknown Item\"": 0.17769520127738384}, \""STONEF DIPPERS\"": {\""Dr. Bronner's Spray Hand Sanitizer Organic Peppermint (2 oz)\"": 0.14067158819385392, \""New Seasons Market Grab & Go Chicken Curry Sandwich\"": 0.2172896749175663, \""Stonefire Original Naan Dippers Flatbread (7.05 oz)\"": 0.3901799721123637, \""New Seasons Market Mini Peanut Butter Chocolate Cookies (12 ct)\"": 0.2885796765150372, \""Naked No Sugar Added Rainbow Machine Juice Bottle (15.2 oz)\"": 0.15962261568685213, \""New Seasons Market Broccoli Cheddar Soup (24 oz)\"": 0.2371219592200523, \""New Seasons Market Curvy Macaroni Pasta (16 oz)\"": 0.1961941365242957, \""King Harvest Roasted Pepper Hummus (10 oz)\"": 0.2509544415075921, \""Organic Cucumber\"": 0.20095943616162415, \""New Seasons Market Basil Pesto (7 oz)\"": 0.23870799628741926, \""Organic Snap Peas (each)\"": 0.21173794543763974, \""La Fermiere Creme Vanille French Dessert (4.4 oz)\"": 0.204981221107521, \""Bag Fee\"": 0.0, \""Bottle Deposit aka CRV\"": 0.0, \""Unknown Item\"": 0.19868047106845915}, \""CAROLS COOKIES\"": {\""Dr. Bronner's Spray Hand Sanitizer Organic Peppermint (2 oz)\"": 0.17057830877137464, \""New Seasons Market Grab & Go Chicken Curry Sandwich\"": 0.2814147263221053, \""Stonefire Original Naan Dippers Flatbread (7.05 oz)\"": 0.26244277225811047, \""New Seasons Market Mini Peanut Butter Chocolate Cookies (12 ct)\"": 0.4566353926153795, \""Naked No Sugar Added Rainbow Machine Juice Bottle (15.2 oz)\"": 0.22414170201772377, \""New Seasons Market Broccoli Cheddar Soup (24 oz)\"": 0.284353955239182, \""New Seasons Market Curvy Macaroni Pasta (16 oz)\"": 0.27316100811352345, \""King Harvest Roasted Pepper Hummus (10 oz)\"": 0.2935810689953975, \""Organic Cucumber\"": 0.21913119715517715, \""New Seasons Market Basil Pesto (7 oz)\"": 0.2649314913735546, \""Organic Snap Peas (each)\"": 0.1977501269053513, \""La Fermiere Creme Vanille French Dessert (4.4 oz)\"": 0.25178291795043345, \""Bag Fee\"": 0.0, \""Bottle Deposit aka CRV\"": 0.0, \""Unknown Item\"": 0.15900402988438686}, \""NSM MACARONI\"": {\""Dr. Bronner's Spray Hand Sanitizer Organic Peppermint (2 oz)\"": 0.14924271400358413, \""New Seasons Market Grab & Go Chicken Curry Sandwich\"": 0.3132769326450046, \""Stonefire Original Naan Dippers Flatbread (7.05 oz)\"": 0.3036045425979677, \""New Seasons Market Mini Peanut Butter Chocolate Cookies (12 ct)\"": 0.29558532904346824, \""Naked No Sugar Added Rainbow Machine Juice Bottle (15.2 oz)\"": 0.2858461880141761, \""New Seasons Market Broccoli Cheddar Soup (24 oz)\"": 0.360756048767646, \""New Seasons Market Curvy Macaroni Pasta (16 oz)\"": 0.48631551496986614, \""King Harvest Roasted Pepper Hummus (10 oz)\"": 0.30448596173125253, \""Organic Cucumber\"": 0.27721754584016983, \""New Seasons Market Basil Pesto (7 oz)\"": 0.3226095862393128, \""Organic Snap Peas (each)\"": 0.2740486511579686, \""La Fermiere Creme Vanille French Dessert (4.4 oz)\"": 0.24209203329076845, \""Bag Fee\"": 0.0, \""Bottle Deposit aka CRV\"": 0.0, \""Unknown Item\"": 0.23613067172190477}, \""NSM PESTO\"": {\""Dr. Bronner's Spray Hand Sanitizer Organic Peppermint (2 oz)\"": 0.2296181634993237, \""New Seasons Market Grab & Go Chicken Curry Sandwich\"": 0.2581588426586359, \""Stonefire Original Naan Dippers Flatbread (7.05 oz)\"": 0.2694837411893402, \""New Seasons Market Mini Peanut Butter Chocolate Cookies (12 ct)\"": 0.2751846153794235, \""Naked No Sugar Added Rainbow Machine Juice Bottle (15.2 oz)\"": 0.21480816618231868, \""New Seasons Market Broccoli Cheddar Soup (24 oz)\"": 0.2903225655423555, \""New Seasons Market Curvy Macaroni Pasta (16 oz)\"": 0.27239574460709143, \""King Harvest Roasted Pepper Hummus (10 oz)\"": 0.31616546185643735, \""Organic Cucumber\"": 0.2754127921376801, \""New Seasons Market Basil Pesto (7 oz)\"": 0.4854498563336888, \""Organic Snap Peas (each)\"": 0.28291431346328205, \""La Fermiere Creme Vanille French Dessert (4.4 oz)\"": 0.197717924596565, \""Bag Fee\"": 0.0, \""Bottle Deposit aka CRV\"": 0.0, \""Unknown Item\"": 0.26263057491052705}, \""CHEDDAR BROCCOLI\"": {\""Dr. Bronner's Spray Hand Sanitizer Organic Peppermint (2 oz)\"": 0.13732047144174464, \""New Seasons Market Grab & Go Chicken Curry Sandwich\"": 0.29539381677510745, \""Stonefire Original Naan Dippers Flatbread (7.05 oz)\"": 0.285729026225462, \""New Seasons Market Mini Peanut Butter Chocolate Cookies (12 ct)\"": 0.23416178754130623, \""Naked No Sugar Added Rainbow Machine Juice Bottle (15.2 oz)\"": 0.21537106710407436, \""New Seasons Market Broccoli Cheddar Soup (24 oz)\"": 0.5180778441154132, \""New Seasons Market Curvy Macaroni Pasta (16 oz)\"": 0.36263110476076577, \""King Harvest Roasted Pepper Hummus (10 oz)\"": 0.3179606515099238, \""Organic Cucumber\"": 0.3149773425753582, \""New Seasons Market Basil Pesto (7 oz)\"": 0.2949373493626819, \""Organic Snap Peas (each)\"": 0.29203773156120705, \""La Fermiere Creme Vanille French Dessert (4.4 oz)\"": 0.20977358208485733, \""Bag Fee\"": 0.0, \""Bottle Deposit aka CRV\"": 0.0, \""Unknown Item\"": 0.16559408555963462}, \""DR BR HAND SAN\"": {\""Dr. Bronner's Spray Hand Sanitizer Organic Peppermint (2 oz)\"": 0.46952368140763573, \""New Seasons Market Grab & Go Chicken Curry Sandwich\"": 0.194224747439147, \""Stonefire Original Naan Dippers Flatbread (7.05 oz)\"": 0.14703616595614874, \""New Seasons Market Mini Peanut Butter Chocolate Cookies (12 ct)\"": 0.15881331149423947, \""Naked No Sugar Added Rainbow Machine Juice Bottle (15.2 oz)\"": 0.19183656591202872, \""New Seasons Market Broccoli Cheddar Soup (24 oz)\"": 0.1424976805164691, \""New Seasons Market Curvy Macaroni Pasta (16 oz)\"": 0.11045617788204064, \""King Harvest Roasted Pepper Hummus (10 oz)\"": 0.18561665200250962, \""Organic Cucumber\"": 0.2242438106977618, \""New Seasons Market Basil Pesto (7 oz)\"": 0.15229604346758835, \""Organic Snap Peas (each)\"": 0.15119328284190495, \""La Fermiere Creme Vanille French Dessert (4.4 oz)\"": 0.13290687028803172, \""Bag Fee\"": 0.0, \""Bottle Deposit aka CRV\"": 0.0, \""Unknown Item\"": 0.1970626492472191}, \""SNOW PEAS\"": {\""Dr. Bronner's Spray Hand Sanitizer Organic Peppermint (2 oz)\"": 0.20979223960734117, \""New Seasons Market Grab & Go Chicken Curry Sandwich\"": 0.2625380981043699, \""Stonefire Original Naan Dippers Flatbread (7.05 oz)\"": 0.27193280439595663, \""New Seasons Market Mini Peanut Butter Chocolate Cookies (12 ct)\"": 0.32930132477887913, \""Naked No Sugar Added Rainbow Machine Juice Bottle (15.2 oz)\"": 0.27201281862399623, \""New Seasons Market Broccoli Cheddar Soup (24 oz)\"": 0.36715571111692696, \""New Seasons Market Curvy Macaroni Pasta (16 oz)\"": 0.29440668807466136, \""King Harvest Roasted Pepper Hummus (10 oz)\"": 0.3331173479952254, \""Organic Cucumber\"": 0.37994704881404984, \""New Seasons Market Basil Pesto (7 oz)\"": 0.33389667019429575, \""Organic Snap Peas (each)\"": 0.5974796756429402, \""La Fermiere Creme Vanille French Dessert (4.4 oz)\"": 0.20174958053977612, \""Bag Fee\"": 0.0, \""Bottle Deposit aka CRV\"": 0.0, \""Unknown Item\"": 0.21239898208617045}, \""OG CUCUMBERS\"": {\""Dr. Bronner's Spray Hand Sanitizer Organic Peppermint (2 oz)\"": 0.23203473120679843, \""New Seasons Market Grab & Go Chicken Curry Sandwich\"": 0.2993289657578476, \""Stonefire Original Naan Dippers Flatbread (7.05 oz)\"": 0.2574402994582922, \""New Seasons Market Mini Peanut Butter Chocolate Cookies (12 ct)\"": 0.28485676821942557, \""Naked No Sugar Added Rainbow Machine Juice Bottle (15.2 oz)\"": 0.2980064461670556, \""New Seasons Market Broccoli Cheddar Soup (24 oz)\"": 0.3258282387826408, \""New Seasons Market Curvy Macaroni Pasta (16 oz)\"": 0.3039301150117959, \""King Harvest Roasted Pepper Hummus (10 oz)\"": 0.3257823228725917, \""Organic Cucumber\"": 0.723277044250634, \""New Seasons Market Basil Pesto (7 oz)\"": 0.3169947283418884, \""Organic Snap Peas (each)\"": 0.41262140798658037, \""La Fermiere Creme Vanille French Dessert (4.4 oz)\"": 0.2221780311033956, \""Bag Fee\"": 0.0, \""Bottle Deposit aka CRV\"": 0.0, \""Unknown Item\"": 0.2195394088769859}, \""BAG FEE\"": {\""Dr. Bronner's Spray Hand Sanitizer Organic Peppermint (2 oz)\"": 0.19975440533898264, \""New Seasons Market Grab & Go Chicken Curry Sandwich\"": 0.2143807428420604, \""Stonefire Original Naan Dippers Flatbread (7.05 oz)\"": 0.19743967616409963, \""New Seasons Market Mini Peanut Butter Chocolate Cookies (12 ct)\"": 0.23810744019985086, \""Naked No Sugar Added Rainbow Machine Juice Bottle (15.2 oz)\"": 0.1741688150333714, \""New Seasons Market Broccoli Cheddar Soup (24 oz)\"": 0.19857859069101153, \""New Seasons Market Curvy Macaroni Pasta (16 oz)\"": 0.18774253908448027, \""King Harvest Roasted Pepper Hummus (10 oz)\"": 0.17605836890327384, \""Organic Cucumber\"": 0.18446189772872656, \""New Seasons Market Basil Pesto (7 oz)\"": 0.21189875384185886, \""Organic Snap Peas (each)\"": 0.2434517721069215, \""La Fermiere Creme Vanille French Dessert (4.4 oz)\"": 0.13344724219020898, \""Bag Fee\"": 0.7981287827193515, \""Bottle Deposit aka CRV\"": 0.377178954098724, \""Unknown Item\"": 0.17938367294666632}, \""Unknown Item\"": {\""Dr. Bronner's Spray Hand Sanitizer Organic Peppermint (2 oz)\"": 0.16004113541459825, \""New Seasons Market Grab & Go Chicken Curry Sandwich\"": 0.169418708366791, \""Stonefire Original Naan Dippers Flatbread (7.05 oz)\"": 0.17590149794507043, \""New Seasons Market Mini Peanut Butter Chocolate Cookies (12 ct)\"": 0.16225861281688864, \""Naked No Sugar Added Rainbow Machine Juice Bottle (15.2 oz)\"": 0.22653731254029907, \""New Seasons Market Broccoli Cheddar Soup (24 oz)\"": 0.17695014949118498, \""New Seasons Market Curvy Macaroni Pasta (16 oz)\"": 0.17924040550586748, \""King Harvest Roasted Pepper Hummus (10 oz)\"": 0.16335354404595168, \""Organic Cucumber\"": 0.21582914330127626, \""New Seasons Market Basil Pesto (7 oz)\"": 0.18690189944667782, \""Organic Snap Peas (each)\"": 0.18781027092285987, \""La Fermiere Creme Vanille French Dessert (4.4 oz)\"": 0.20812832777325638, \""Bag Fee\"": 0.300414460999277, \""Bottle Deposit aka CRV\"": 0.21774851845191506, \""Unknown Item\"": 0.9990009990914867}}""
  },
  {
    ""key"": ""total_amount"",
    ""value"": ""{\""money\"": {\""unit_amount\"": 6533, \""currency\"": \""USD\"", \""display_string\"": \""None65.33\"", \""decimal_places\"": 2, \""sign\"": null, \""symbol\"": null}, \""confidence_score\"": 1.0}""
  },
  {
    ""key"": ""discount_amount"",
    ""value"": ""{\""money\"": {\""unit_amount\"": 0, \""currency\"": \""USD\"", \""display_string\"": \""None0.00\"", \""decimal_places\"": 2, \""sign\"": null, \""symbol\"": null}, \""confidence_score\"": 1.0}""
  },
  {
    ""key"": ""business_id"",
    ""value"": ""1048127""
  },
  {
    ""key"": ""subtotal_amount"",
    ""value"": ""{\""money\"": {\""unit_amount\"": 6533, \""currency\"": \""USD\"", \""display_string\"": \""None65.33\"", \""decimal_places\"": 2, \""sign\"": null, \""symbol\"": null}, \""confidence_score\"": 1.0}""
  },
  {
    ""key"": ""tax_confidence_score"",
    ""value"": ""1.0""
  },
  {
    ""key"": ""matched_item_info"",
    ""value"": ""[{\""merchant_supplied_id\"": \""00887241834515\"", \""display_name\"": \""New Seasons Market Grab & Go Chicken Curry Sandwich\"", \""ocr_description\"": \""CHICKEN SANDWICH\"", \""quantity\"": {\""value\"": 1.0}, \""price_per_unit\"": {\""unit_amount\"": 799, \""currency\"": \""USD\"", \""display_string\"": \""None7.99\"", \""decimal_places\"": 2, \""sign\"": null, \""symbol\"": null}, \""item_price\"": {\""unit_amount\"": 799, \""currency\"": \""USD\"", \""display_string\"": \""None7.99\"", \""decimal_places\"": 2, \""sign\"": null, \""symbol\"": null}, \""non_discount_price_per_unit\"": {\""unit_amount\"": 0, \""currency\"": \""USD\"", \""display_string\"": \""None0.00\"", \""decimal_places\"": 2, \""sign\"": null, \""symbol\"": null}, \""non_discount_item_price\"": {\""unit_amount\"": 0, \""currency\"": \""USD\"", \""display_string\"": \""None0.00\"", \""decimal_places\"": 2, \""sign\"": null, \""symbol\"": null}, \""sold_by_weight\"": false, \""confidence_score\"": 1.0}, {\""merchant_supplied_id\"": \""00842605112715\"", \""display_name\"": \""La Fermiere Creme Vanille French Dessert (4.4 oz)\"", \""ocr_description\"": \""LAFERM DESSERT\"", \""quantity\"": {\""value\"": 1.0}, \""price_per_unit\"": {\""unit_amount\"": 349, \""currency\"": \""USD\"", \""display_string\"": \""None3.49\"", \""decimal_places\"": 2, \""sign\"": null, \""symbol\"": null}, \""item_price\"": {\""unit_amount\"": 349, \""currency\"": \""USD\"", \""display_string\"": \""None3.49\"", \""decimal_places\"": 2, \""sign\"": null, \""symbol\"": null}, \""non_discount_price_per_unit\"": {\""unit_amount\"": 0, \""currency\"": \""USD\"", \""display_string\"": \""None0.00\"", \""decimal_places\"": 2, \""sign\"": null, \""symbol\"": null}, \""non_discount_item_price\"": {\""unit_amount\"": 0, \""currency\"": \""USD\"", \""display_string\"": \""None0.00\"", \""decimal_places\"": 2, \""sign\"": null, \""symbol\"": null}, \""sold_by_weight\"": false, \""confidence_score\"": 1.0}, {\""merchant_supplied_id\"": \""00025726311278\"", \""display_name\"": \""King Harvest Roasted Pepper Hummus (10 oz)\"", \""ocr_description\"": \""KING HUMMUS\"", \""quantity\"": {\""value\"": 1.0}, \""price_per_unit\"": {\""unit_amount\"": 399, \""currency\"": \""USD\"", \""display_string\"": \""None3.99\"", \""decimal_places\"": 2, \""sign\"": null, \""symbol\"": null}, \""item_price\"": {\""unit_amount\"": 399, \""currency\"": \""USD\"", \""display_string\"": \""None3.99\"", \""decimal_places\"": 2, \""sign\"": null, \""symbol\"": null}, \""non_discount_price_per_unit\"": {\""unit_amount\"": 0, \""currency\"": \""USD\"", \""display_string\"": \""None0.00\"", \""decimal_places\"": 2, \""sign\"": null, \""symbol\"": null}, \""non_discount_item_price\"": {\""unit_amount\"": 0, \""currency\"": \""USD\"", \""display_string\"": \""None0.00\"", \""decimal_places\"": 2, \""sign\"": null, \""symbol\"": null}, \""sold_by_weight\"": false, \""confidence_score\"": 1.0}, {\""merchant_supplied_id\"": \""00082592011480\"", \""display_name\"": \""Naked No Sugar Added Rainbow Machine Juice Bottle (15.2 oz)\"", \""ocr_description\"": \""NAKED SMOOTHIE\"", \""quantity\"": {\""value\"": 1.0}, \""price_per_unit\"": {\""unit_amount\"": 449, \""currency\"": \""USD\"", \""display_string\"": \""None4.49\"", \""decimal_places\"": 2, \""sign\"": null, \""symbol\"": null}, \""item_price\"": {\""unit_amount\"": 449, \""currency\"": \""USD\"", \""display_string\"": \""None4.49\"", \""decimal_places\"": 2, \""sign\"": null, \""symbol\"": null}, \""non_discount_price_per_unit\"": {\""unit_amount\"": 0, \""currency\"": \""USD\"", \""display_string\"": \""None0.00\"", \""decimal_places\"": 2, \""sign\"": null, \""symbol\"": null}, \""non_discount_item_price\"": {\""unit_amount\"": 0, \""currency\"": \""USD\"", \""display_string\"": \""None0.00\"", \""decimal_places\"": 2, \""sign\"": null, \""symbol\"": null}, \""sold_by_weight\"": false, \""confidence_score\"": 1.0}, {\""merchant_supplied_id\"": \""00876681004541\"", \""display_name\"": \""Stonefire Original Naan Dippers Flatbread (7.05 oz)\"", \""ocr_description\"": \""STONEF DIPPERS\"", \""quantity\"": {\""value\"": 1.0}, \""price_per_unit\"": {\""unit_amount\"": 499, \""currency\"": \""USD\"", \""display_string\"": \""None4.99\"", \""decimal_places\"": 2, \""sign\"": null, \""symbol\"": null}, \""item_price\"": {\""unit_amount\"": 499, \""currency\"": \""USD\"", \""display_string\"": \""None4.99\"", \""decimal_places\"": 2, \""sign\"": null, \""symbol\"": null}, \""non_discount_price_per_unit\"": {\""unit_amount\"": 0, \""currency\"": \""USD\"", \""display_string\"": \""None0.00\"", \""decimal_places\"": 2, \""sign\"": null, \""symbol\"": null}, \""non_discount_item_price\"": {\""unit_amount\"": 0, \""currency\"": \""USD\"", \""display_string\"": \""None0.00\"", \""decimal_places\"": 2, \""sign\"": null, \""symbol\"": null}, \""sold_by_weight\"": false, \""confidence_score\"": 1.0}, {\""merchant_supplied_id\"": \""00895731002511\"", \""display_name\"": \""New Seasons Market Mini Peanut Butter Chocolate Cookies (12 ct)\"", \""ocr_description\"": \""CAROLS COOKIES\"", \""quantity\"": {\""value\"": 1.0}, \""price_per_unit\"": {\""unit_amount\"": 799, \""currency\"": \""USD\"", \""display_string\"": \""None7.99\"", \""decimal_places\"": 2, \""sign\"": null, \""symbol\"": null}, \""item_price\"": {\""unit_amount\"": 799, \""currency\"": \""USD\"", \""display_string\"": \""None7.99\"", \""decimal_places\"": 2, \""sign\"": null, \""symbol\"": null}, \""non_discount_price_per_unit\"": {\""unit_amount\"": 0, \""currency\"": \""USD\"", \""display_string\"": \""None0.00\"", \""decimal_places\"": 2, \""sign\"": null, \""symbol\"": null}, \""non_discount_item_price\"": {\""unit_amount\"": 0, \""currency\"": \""USD\"", \""display_string\"": \""None0.00\"", \""decimal_places\"": 2, \""sign\"": null, \""symbol\"": null}, \""sold_by_weight\"": false, \""confidence_score\"": 1.0}, {\""merchant_supplied_id\"": \""00840600120315\"", \""display_name\"": \""New Seasons Market Curvy Macaroni Pasta (16 oz)\"", \""ocr_description\"": \""NSM MACARONI\"", \""quantity\"": {\""value\"": 1.0}, \""price_per_unit\"": {\""unit_amount\"": 299, \""currency\"": \""USD\"", \""display_string\"": \""None2.99\"", \""decimal_places\"": 2, \""sign\"": null, \""symbol\"": null}, \""item_price\"": {\""unit_amount\"": 299, \""currency\"": \""USD\"", \""display_string\"": \""None2.99\"", \""decimal_places\"": 2, \""sign\"": null, \""symbol\"": null}, \""non_discount_price_per_unit\"": {\""unit_amount\"": 0, \""currency\"": \""USD\"", \""display_string\"": \""None0.00\"", \""decimal_places\"": 2, \""sign\"": null, \""symbol\"": null}, \""non_discount_item_price\"": {\""unit_amount\"": 0, \""currency\"": \""USD\"", \""display_string\"": \""None0.00\"", \""decimal_places\"": 2, \""sign\"": null, \""symbol\"": null}, \""sold_by_weight\"": false, \""confidence_score\"": 1.0}, {\""merchant_supplied_id\"": \""00840600107460\"", \""display_name\"": \""New Seasons Market Basil Pesto (7 oz)\"", \""ocr_description\"": \""NSM PESTO\"", \""quantity\"": {\""value\"": 1.0}, \""price_per_unit\"": {\""unit_amount\"": 699, \""currency\"": \""USD\"", \""display_string\"": \""None6.99\"", \""decimal_places\"": 2, \""sign\"": null, \""symbol\"": null}, \""item_price\"": {\""unit_amount\"": 699, \""currency\"": \""USD\"", \""display_string\"": \""None6.99\"", \""decimal_places\"": 2, \""sign\"": null, \""symbol\"": null}, \""non_discount_price_per_unit\"": {\""unit_amount\"": 0, \""currency\"": \""USD\"", \""display_string\"": \""None0.00\"", \""decimal_places\"": 2, \""sign\"": null, \""symbol\"": null}, \""non_discount_item_price\"": {\""unit_amount\"": 0, \""currency\"": \""USD\"", \""display_string\"": \""None0.00\"", \""decimal_places\"": 2, \""sign\"": null, \""symbol\"": null}, \""sold_by_weight\"": false, \""confidence_score\"": 1.0}, {\""merchant_supplied_id\"": \""00840600123118\"", \""display_name\"": \""New Seasons Market Broccoli Cheddar Soup (24 oz)\"", \""ocr_description\"": \""CHEDDAR BROCCOLI\"", \""quantity\"": {\""value\"": 1.0}, \""price_per_unit\"": {\""unit_amount\"": 999, \""currency\"": \""USD\"", \""display_string\"": \""None9.99\"", \""decimal_places\"": 2, \""sign\"": null, \""symbol\"": null}, \""item_price\"": {\""unit_amount\"": 999, \""currency\"": \""USD\"", \""display_string\"": \""None9.99\"", \""decimal_places\"": 2, \""sign\"": null, \""symbol\"": null}, \""non_discount_price_per_unit\"": {\""unit_amount\"": 0, \""currency\"": \""USD\"", \""display_string\"": \""None0.00\"", \""decimal_places\"": 2, \""sign\"": null, \""symbol\"": null}, \""non_discount_item_price\"": {\""unit_amount\"": 0, \""currency\"": \""USD\"", \""display_string\"": \""None0.00\"", \""decimal_places\"": 2, \""sign\"": null, \""symbol\"": null}, \""sold_by_weight\"": false, \""confidence_score\"": 1.0}, {\""merchant_supplied_id\"": \""00018787506110\"", \""display_name\"": \""Dr. Bronner's Spray Hand Sanitizer Organic Peppermint (2 oz)\"", \""ocr_description\"": \""DR BR HAND SAN\"", \""quantity\"": {\""value\"": 1.0}, \""price_per_unit\"": {\""unit_amount\"": 399, \""currency\"": \""USD\"", \""display_string\"": \""None3.99\"", \""decimal_places\"": 2, \""sign\"": null, \""symbol\"": null}, \""item_price\"": {\""unit_amount\"": 399, \""currency\"": \""USD\"", \""display_string\"": \""None3.99\"", \""decimal_places\"": 2, \""sign\"": null, \""symbol\"": null}, \""non_discount_price_per_unit\"": {\""unit_amount\"": 0, \""currency\"": \""USD\"", \""display_string\"": \""None0.00\"", \""decimal_places\"": 2, \""sign\"": null, \""symbol\"": null}, \""non_discount_item_price\"": {\""unit_amount\"": 0, \""currency\"": \""USD\"", \""display_string\"": \""None0.00\"", \""decimal_places\"": 2, \""sign\"": null, \""symbol\"": null}, \""sold_by_weight\"": false, \""confidence_score\"": 1.0}, {\""merchant_supplied_id\"": \""00000000946750\"", \""display_name\"": \""Organic Snap Peas (each)\"", \""ocr_description\"": \""SNOW PEAS\"", \""quantity\"": {\""value\"": 0.9}, \""price_per_unit\"": {\""unit_amount\"": 699, \""currency\"": \""USD\"", \""display_string\"": \""None6.99\"", \""decimal_places\"": 2, \""sign\"": null, \""symbol\"": null}, \""item_price\"": {\""unit_amount\"": 629, \""currency\"": \""USD\"", \""display_string\"": \""None6.29\"", \""decimal_places\"": 2, \""sign\"": null, \""symbol\"": null}, \""non_discount_price_per_unit\"": {\""unit_amount\"": 0, \""currency\"": \""USD\"", \""display_string\"": \""None0.00\"", \""decimal_places\"": 2, \""sign\"": null, \""symbol\"": null}, \""non_discount_item_price\"": {\""unit_amount\"": 0, \""currency\"": \""USD\"", \""display_string\"": \""None0.00\"", \""decimal_places\"": 2, \""sign\"": null, \""symbol\"": null}, \""sold_by_weight\"": true, \""confidence_score\"": 1.0}, {\""merchant_supplied_id\"": \""00000000940620\"", \""display_name\"": \""Organic Cucumber\"", \""ocr_description\"": \""OG CUCUMBERS\"", \""quantity\"": {\""value\"": 1.0}, \""price_per_unit\"": {\""unit_amount\"": 199, \""currency\"": \""USD\"", \""display_string\"": \""None1.99\"", \""decimal_places\"": 2, \""sign\"": null, \""symbol\"": null}, \""item_price\"": {\""unit_amount\"": 199, \""currency\"": \""USD\"", \""display_string\"": \""None1.99\"", \""decimal_places\"": 2, \""sign\"": null, \""symbol\"": null}, \""non_discount_price_per_unit\"": {\""unit_amount\"": 0, \""currency\"": \""USD\"", \""display_string\"": \""None0.00\"", \""decimal_places\"": 2, \""sign\"": null, \""symbol\"": null}, \""non_discount_item_price\"": {\""unit_amount\"": 0, \""currency\"": \""USD\"", \""display_string\"": \""None0.00\"", \""decimal_places\"": 2, \""sign\"": null, \""symbol\"": null}, \""sold_by_weight\"": false, \""confidence_score\"": 1.0}]""
  },
  {
    ""key"": ""bag_fee_info"",
    ""value"": ""{\""quantity\"": {\""value\"": 1.0}, \""price_per_unit\"": {\""unit_amount\"": 5, \""currency\"": \""USD\"", \""display_string\"": \""None0.05\"", \""decimal_places\"": 2, \""sign\"": null, \""symbol\"": null}, \""item_price\"": {\""unit_amount\"": 5, \""currency\"": \""USD\"", \""display_string\"": \""None0.05\"", \""decimal_places\"": 2, \""sign\"": null, \""symbol\"": null}, \""confidence_score\"": 1.0}""
  },
  {
    ""key"": ""blink_items_df"",
    ""value"": ""{\""ocr_description\"": {\""0\"": \""CHICKEN SANDWICH\"", \""1\"": \""LAFERM DESSERT\"", \""2\"": \""KING HUMMUS\"", \""3\"": \""NAKED SMOOTHIE\"", \""4\"": \""OR DEP/CA CRV\"", \""5\"": \""STONEF DIPPERS\"", \""6\"": \""CAROLS COOKIES\"", \""7\"": \""NSM MACARONI\"", \""8\"": \""NSM PESTO\"", \""9\"": \""CHEDDAR BROCCOLI\"", \""10\"": \""DR BR HAND SAN\"", \""11\"": \""SNOW PEAS\"", \""12\"": \""OG CUCUMBERS\"", \""13\"": \""BAG FEE\"", \""14\"": \""discount_cents\"", \""15\"": \""subtotal_cents\"", \""16\"": \""total_tax_cents\"", \""17\"": \""total_cents\""}, \""quantity\"": {\""0\"": 1.0, \""1\"": 1.0, \""2\"": 1.0, \""3\"": 1.0, \""4\"": 1.0, \""5\"": 1.0, \""6\"": 1.0, \""7\"": 1.0, \""8\"": 1.0, \""9\"": 1.0, \""10\"": 1.0, \""11\"": 0.9, \""12\"": 1.0, \""13\"": 1.0, \""14\"": NaN, \""15\"": NaN, \""16\"": NaN, \""17\"": NaN}, \""price_per_unit_cents\"": {\""0\"": 799.0, \""1\"": 349.0, \""2\"": 399.0, \""3\"": 449.0, \""4\"": 10.0, \""5\"": 499.0, \""6\"": 799.0, \""7\"": 299.0, \""8\"": 699.0, \""9\"": 999.0, \""10\"": 399.0, \""11\"": 699.0, \""12\"": 199.0, \""13\"": 5.0, \""14\"": NaN, \""15\"": NaN, \""16\"": NaN, \""17\"": NaN}, \""item_price_cents\"": {\""0\"": 799, \""1\"": 349, \""2\"": 399, \""3\"": 449, \""4\"": 10, \""5\"": 499, \""6\"": 799, \""7\"": 299, \""8\"": 699, \""9\"": 999, \""10\"": 399, \""11\"": 629, \""12\"": 199, \""13\"": 5, \""14\"": 0, \""15\"": 6533, \""16\"": 0, \""17\"": 6533}}""
  },
  {
    ""key"": ""input_swipe_amount"",
    ""value"": ""6533""
  },
  {
    ""key"": ""is_legible"",
    ""value"": ""true""
  },
  {
    ""key"": ""input_item_info"",
    ""value"": ""[{\""merchant_supplied_id\"": \""00018787506110\"", \""display_name\"": \""Dr. Bronner's Spray Hand Sanitizer Organic Peppermint (2 oz)\"", \""scanned_barcode\"": null}, {\""merchant_supplied_id\"": \""00887241834515\"", \""display_name\"": \""New Seasons Market Grab & Go Chicken Curry Sandwich\"", \""scanned_barcode\"": null}, {\""merchant_supplied_id\"": \""00876681004541\"", \""display_name\"": \""Stonefire Original Naan Dippers Flatbread (7.05 oz)\"", \""scanned_barcode\"": null}, {\""merchant_supplied_id\"": \""00895731002511\"", \""display_name\"": \""New Seasons Market Mini Peanut Butter Chocolate Cookies (12 ct)\"", \""scanned_barcode\"": null}, {\""merchant_supplied_id\"": \""00082592011480\"", \""display_name\"": \""Naked No Sugar Added Rainbow Machine Juice Bottle (15.2 oz)\"", \""scanned_barcode\"": null}, {\""merchant_supplied_id\"": \""00840600123118\"", \""display_name\"": \""New Seasons Market Broccoli Cheddar Soup (24 oz)\"", \""scanned_barcode\"": null}, {\""merchant_supplied_id\"": \""00840600120315\"", \""display_name\"": \""New Seasons Market Curvy Macaroni Pasta (16 oz)\"", \""scanned_barcode\"": null}, {\""merchant_supplied_id\"": \""00025726311278\"", \""display_name\"": \""King Harvest Roasted Pepper Hummus (10 oz)\"", \""scanned_barcode\"": null}, {\""merchant_supplied_id\"": \""00000000940620\"", \""display_name\"": \""Organic Cucumber\"", \""scanned_barcode\"": null}, {\""merchant_supplied_id\"": \""00840600107460\"", \""display_name\"": \""New Seasons Market Basil Pesto (7 oz)\"", \""scanned_barcode\"": null}, {\""merchant_supplied_id\"": \""00000000946750\"", \""display_name\"": \""Organic Snap Peas (each)\"", \""scanned_barcode\"": null}, {\""merchant_supplied_id\"": \""00842605112715\"", \""display_name\"": \""La Fermiere Creme Vanille French Dessert (4.4 oz)\"", \""scanned_barcode\"": null}]""
  },
  {
    ""key"": ""url"",
    ""value"": ""\""https://img.cdn4dd.com/cdn-cgi/image/format=auto/https://doordash-static.s3.amazonaws.com/media/photosV2/725f7c0c-51e6-4245-aa92-edc57ac4d73b-retina-large.jpeg\""""
  },
  {
    ""key"": ""sanity_checks"",
    ""value"": ""{\""swipe_match\"": true, \""subtotal_match\"": true, \""tax_match\"": true, \""items_length_match\"": true, \""ok_ocr_name_deduping\"": true, \""item_price_reasonableness\"": true, \""weights_look_ok\"": true, \""bag_fee_max_price\"": true, \""bottle_fee_max_price\"": true, \""bag_fee_max_count\"": true, \""bottle_fee_max_count\"": true, \""tax_vs_subtotal_sanity_check\"": true, \""has_no_unknown_items\"": true, \""has_no_missing_items\"": true, \""delivery_discounts_are_nonzero\"": true}""
  },
  {
    ""key"": ""bottle_fee_info"",
    ""value"": ""{\""quantity\"": {\""value\"": 1.0}, \""price_per_unit\"": {\""unit_amount\"": 10, \""currency\"": \""USD\"", \""display_string\"": \""None0.10\"", \""decimal_places\"": 2, \""sign\"": null, \""symbol\"": null}, \""item_price\"": {\""unit_amount\"": 10, \""currency\"": \""USD\"", \""display_string\"": \""None0.10\"", \""decimal_places\"": 2, \""sign\"": null, \""symbol\"": null}, \""confidence_score\"": 1.0}""
  },
  {
    ""key"": ""delivery_uuid"",
    ""value"": ""\""0ad6fd72-6c98-3001-a5dc-9642b7f0535a\""""
  },
  {
    ""key"": ""missing_item_info"",
    ""value"": ""[]""
  },
  {
    ""key"": ""tax_amount"",
    ""value"": ""{\""money\"": {\""unit_amount\"": 0, \""currency\"": \""USD\"", \""display_string\"": \""None0.00\"", \""decimal_places\"": 2, \""sign\"": null, \""symbol\"": null}, \""confidence_score\"": 1.0}""
  },
  {
    ""key"": ""confidence_score"",
    ""value"": ""1.0""
  },
  {
    ""key"": ""raw_blink_receipt"",
    ""value"": ""{\""banner_id\"": 7747, \""barcode\"": \""099000606201782409061944\"", \""cardTypeFromAID\"": true, \""cashier\"": {\""confidence\"": 99.99171447753906, \""value\"": \""62\""}, \""channel\"": {\""confidence\"": 100, \""value\"": \""Food\""}, \""date\"": {\""confidence\"": 99.99082946777344, \""value\"": \""09/06/2024\""}, \""isDigital\"": false, \""isFraudulent\"": false, \""is_blurry\"": false, \""is_instacart_shopper\"": false, \""is_receipt\"": true, \""is_screen\"": false, \""item_confidence\"": 99, \""last4cc\"": {\""confidence\"": 99.99303436279297, \""value\"": \""0029\""}, \""merchant_confidence\"": 100, \""merchant_name\"": \""New Seasons Market\"", \""ocr_confidence\"": 99.62722778320312, \""paymentMethods\"": [{\""amount\"": {\""confidence\"": 0, \""value\"": 65.33}, \""cardType\"": {\""confidence\"": 100, \""value\"": \""Mastercard\""}, \""method\"": {\""confidence\"": 99.9762954711914, \""value\"": \""Credit\""}}], \""phones\"": [{\""confidence\"": 99.93500518798828, \""value\"": \""503-467-4777\""}], \""products\"": [{\""line\"": 1007, \""price\"": {\""confidence\"": 99.8882064819336, \""value\"": 7.99}, \""price_postfix\"": \""F\"", \""qty\"": {\""confidence\"": 0, \""value\"": 1}, \""rsd\"": {\""confidence\"": 99.95333862304688, \""original_case_value\"": \""CHICKEN SANDWICH\"", \""value\"": \""CHICKEN SANDWICH\""}, \""totalPrice\"": {\""confidence\"": 0, \""value\"": 7.99}}, {\""line\"": 1008, \""price\"": {\""confidence\"": 99.90018463134766, \""value\"": 3.49}, \""price_postfix\"": \""F\"", \""qty\"": {\""confidence\"": 0, \""value\"": 1}, \""rsd\"": {\""confidence\"": 99.95783996582031, \""original_case_value\"": \""LAFERM DESSERT\"", \""value\"": \""LAFERM DESSERT\""}, \""totalPrice\"": {\""confidence\"": 0, \""value\"": 3.49}}, {\""line\"": 1009, \""price\"": {\""confidence\"": 99.82306671142578, \""value\"": 3.99}, \""price_postfix\"": \""F\"", \""qty\"": {\""confidence\"": 0, \""value\"": 1}, \""rsd\"": {\""confidence\"": 99.96194458007812, \""original_case_value\"": \""KING HUMMUS\"", \""value\"": \""KING HUMMUS\""}, \""totalPrice\"": {\""confidence\"": 0, \""value\"": 3.99}}, {\""line\"": 1010, \""price\"": {\""confidence\"": 99.84264373779297, \""value\"": 4.49}, \""price_postfix\"": \""F\"", \""qty\"": {\""confidence\"": 0, \""value\"": 1}, \""rsd\"": {\""confidence\"": 99.96914672851562, \""original_case_value\"": \""NAKED SMOOTHIE\"", \""value\"": \""NAKED SMOOTHIE\""}, \""totalPrice\"": {\""confidence\"": 0, \""value\"": 4.49}}, {\""line\"": 1011, \""price\"": {\""confidence\"": 99.91213989257812, \""value\"": 0.1}, \""price_postfix\"": \""F\"", \""qty\"": {\""confidence\"": 0, \""value\"": 1}, \""rsd\"": {\""confidence\"": 99.96687316894531, \""original_case_value\"": \""OR DEP/CA CRV\"", \""value\"": \""OR DEP/CA CRV\""}, \""totalPrice\"": {\""confidence\"": 0, \""value\"": 0.1}}, {\""line\"": 1012, \""price\"": {\""confidence\"": 99.90058135986328, \""value\"": 4.99}, \""price_postfix\"": \""F\"", \""qty\"": {\""confidence\"": 0, \""value\"": 1}, \""rsd\"": {\""confidence\"": 99.96434020996094, \""original_case_value\"": \""STONEF DIPPERS\"", \""value\"": \""STONEF DIPPERS\""}, \""totalPrice\"": {\""confidence\"": 0, \""value\"": 4.99}}, {\""line\"": 1013, \""price\"": {\""confidence\"": 99.81940460205078, \""value\"": 7.99}, \""price_postfix\"": \""F\"", \""qty\"": {\""confidence\"": 0, \""value\"": 1}, \""rsd\"": {\""confidence\"": 99.96450805664062, \""original_case_value\"": \""CAROLS COOKIES\"", \""value\"": \""CAROLS COOKIES\""}, \""totalPrice\"": {\""confidence\"": 0, \""value\"": 7.99}}, {\""line\"": 1014, \""price\"": {\""confidence\"": 99.71180725097656, \""value\"": 2.99}, \""price_postfix\"": \""F\"", \""qty\"": {\""confidence\"": 0, \""value\"": 1}, \""rsd\"": {\""confidence\"": 99.9689712524414, \""original_case_value\"": \""NSM MACARONI\"", \""value\"": \""NSM MACARONI\""}, \""totalPrice\"": {\""confidence\"": 0, \""value\"": 2.99}}, {\""line\"": 1015, \""price\"": {\""confidence\"": 99.77115631103516, \""value\"": 6.99}, \""price_postfix\"": \""F\"", \""qty\"": {\""confidence\"": 0, \""value\"": 1}, \""rsd\"": {\""confidence\"": 99.98372650146484, \""original_case_value\"": \""NSM PESTO\"", \""value\"": \""NSM PESTO\""}, \""totalPrice\"": {\""confidence\"": 0, \""value\"": 6.99}}, {\""line\"": 1016, \""price\"": {\""confidence\"": 99.95646667480469, \""value\"": 9.99}, \""price_postfix\"": \""F\"", \""qty\"": {\""confidence\"": 0, \""value\"": 1}, \""rsd\"": {\""confidence\"": 99.96292114257812, \""original_case_value\"": \""CHEDDAR BROCCOLI\"", \""value\"": \""CHEDDAR BROCCOLI\""}, \""totalPrice\"": {\""confidence\"": 0, \""value\"": 9.99}}, {\""infoLines\"": [{\""line\"": 1018, \""text\"": {\""confidence\"": 100, \""value\"": \""0.90 lb @ 6.99 /lb\""}, \""type\"": {\""confidence\"": 100, \""value\"": \""Weight\""}}], \""line\"": 1017, \""price\"": {\""confidence\"": 99.91093444824219, \""value\"": 3.99}, \""price_postfix\"": \""T\"", \""qty\"": {\""confidence\"": 0, \""value\"": 1}, \""rsd\"": {\""confidence\"": 99.96488952636719, \""original_case_value\"": \""DR BR HAND SAN\"", \""value\"": \""DR BR HAND SAN\""}, \""totalPrice\"": {\""confidence\"": 0, \""value\"": 3.99}}, {\""infoLines\"": [{\""line\"": 1018, \""text\"": {\""confidence\"": 100, \""value\"": \""0.90 lb @ 6.99 /lb\""}, \""type\"": {\""confidence\"": 100, \""value\"": \""Weight\""}}], \""line\"": 1019, \""price\"": {\""confidence\"": 0, \""value\"": 6.99}, \""price_postfix\"": \""F\"", \""qty\"": {\""confidence\"": 0, \""value\"": 0.9}, \""rsd\"": {\""confidence\"": 100, \""original_case_value\"": \""SNOW PEAS\"", \""value\"": \""SNOW PEAS\""}, \""rsd_prefix\"": \""WT \"", \""totalPrice\"": {\""confidence\"": 0, \""value\"": 6.29}, \""uom\"": {\""confidence\"": 0, \""value\"": \""lb\""}}, {\""line\"": 1020, \""price\"": {\""confidence\"": 99.96199798583984, \""value\"": 1.99}, \""price_postfix\"": \""F\"", \""qty\"": {\""confidence\"": 0, \""value\"": 1}, \""rsd\"": {\""confidence\"": 99.69054412841797, \""original_case_value\"": \""OG CUCUMBERS\"", \""value\"": \""OG CUCUMBERS\""}, \""totalPrice\"": {\""confidence\"": 0, \""value\"": 1.99}}, {\""line\"": 1021, \""price\"": {\""confidence\"": 99.96321105957031, \""value\"": 0.05}, \""qty\"": {\""confidence\"": 0, \""value\"": 1}, \""rsd\"": {\""confidence\"": 99.97443389892578, \""original_case_value\"": \""BAG FEE\"", \""value\"": \""BAG FEE\""}, \""rsd_prefix\"": \""MR \"", \""totalPrice\"": {\""confidence\"": 0, \""value\"": 0.05}}], \""purchase_type\"": \""In-Store\"", \""raw_basket\"": \""CHICKEN SANDWICH 7.99 F\\nLAFERM DESSERT 3.49 F\\nKING HUMMUS 3.99 F\\nNAKED SMOOTHIE 4.49 F\\nOR DEP/CA CRV 0.10 F\\nSTONEF DIPPERS 4.99 F\\nCAROLS COOKIES 7.99 F\\nNSM MACARONI 2.99 F\\nNSM PESTO 6.99 F\\nCHEDDAR BROCCOLI 9.99 F\\nDR BR HAND SAN 3.99 T\\n0.90 lb @ 6.99 /lb\\nWT SNOW PEAS 6.29 F\\nOG CUCUMBERS 1.99 F\\nMR BAG FEE 0.05\\n\"", \""raw_text_array\"": [\""NEW SEASONS\\nMARKET\\n\\nThe friendliest store in town.\\nArbor Lodge - 503.467.4777\\nJoin us at www.newseasonsmarket.com\\n\\nCHICKEN SANDWICH 7.99 F\\nLAFERM DESSERT 3.49 F\\nKING HUMMUS 3.99 F\\nNAKED SMOOTHIE 4.49 F\\nOR DEP/CA CRV 0.10 F\\nSTONEF DIPPERS 4.99 F\\nCAROLS COOKIES 7.99 F\\nNSM MACARONI 2.99 F\\nNSM PESTO 6.99 F\\nCHEDDAR BROCCOLI 9.99 F\\nDR BR HAND SAN 3.99 T\\n0.90 lb @ 6.99 /lb\\nWT SNOW PEAS 6.29 F\\nOG CUCUMBERS 1.99 F\\nMR BAG FEE 0.05\\nTAX 0.00\\n**** BALANCE 65.33\\n**************************************\\nNew Seasons Market\\n6400 N Interstate Ave\\nPortland, OR 97217\\nMasterCard\\nCard Number: ************0029\\nTYPE: Purchase\\n\\nREFERNCE: H\\nACCT: MASTERCARD 65.33\\n\\n09/06/24 19:44 178 62 6 62\\nAID: A0000000041010\\nTVR: 0000008000\\nTSI: A800\\nTRANSACTION TYPE: 00\\nAPPLICATION ISSUER DATA: 0114A14003020\\nAPPLICATION CRYPTOGRAM: 4228481569CDCF\\nCVM: 010002\\nPOS Entry Mode: 07\\nHost Return Code 000\\nMasterCard 65.33\\nCHANGE 0.00\\n\\n09/06/24 19:44 6 62 178 62\\n\\n\\n99000606201782409061944\\nYour cashier today is: SCO 62\\n\\nMaking a return?\\nWe'll replace it or refund you\\nwithin 90 days with proof of\\npurchase, Learn more:\\nwww.newseasonsmarket.com/faqs\\n\\nThank you!\\n$65.33 Payment Received\\n\""], \""raw_trip_footer\"": \""TAX 0.00\\n**** BALANCE 65.33\\n**************************************\\nNew Seasons Market\\n6400 N Interstate Ave\\nPortland, OR 97217\\nMasterCard\\nCard Number : ************0029\\nTYPE: Purchase\\nREFERNCE: H\\nACCT: MASTERCARD 65.33\\n09/06/24 19:44 178 62 6 62\\nAID: A0000000041010\\nTVR: 0000008000\\nTSI: A800\\nTRANSACTION TYPE: 00\\nAPPLICATION ISSUER DATA: 0114A14003020\\nAPPLICATION CRYPTOGRAM: 4228481569CDCF\\nCVM: 010002\\nPOS Entry Mode: 07\\nHost Return Code 000\\nMasterCard 65.33\\nCHANGE 0.00\\n09/06/24 19:44 6 62 178 62\\n99000606201782409061944\\nYour cashier today is: SCO 62\\nMaking a return?\\nWe'll replace it or refund you\\nwithin 90 days with proof of\\npurchase, Learn more:\\nwww.newseasonsmarket.com/faqs\\nThank you!\\n$65.33 Payment Received\\n\"", \""raw_trip_header\"": \""NEW SEASONS\\nMARKET\\nThe friendliest store in town.\\nArbor Lodge - 503.467.4777\\nJoin us at www.newseasonsmarket.com\\n\"", \""register\"": {\""confidence\"": 99.99171447753906, \""value\"": \""6\""}, \""store\"": {\""confidence\"": 99.99171447753906, \""value\"": \""178\""}, \""store_city\"": {\""confidence\"": 100, \""value\"": \""Portland\""}, \""store_state\"": {\""confidence\"": 100, \""value\"": \""OR\""}, \""store_street\"": {\""confidence\"": 100, \""value\"": \""6400 N Interstate Ave\""}, \""store_zip\"": {\""confidence\"": 100, \""value\"": \""97217\""}, \""subtotal\"": {\""confidence\"": 100, \""value\"": 65.33}, \""taxes\"": {\""confidence\"": 99.9735336303711, \""value\"": 0}, \""time\"": {\""confidence\"": 99.99082946777344, \""value\"": \""19:44\""}, \""total\"": {\""confidence\"": 95, \""value\"": 65.33}, \""transaction\"": {\""confidence\"": 99.99171447753906, \""value\"": \""62\""}, \""trip_confidence\"": 100, \""blink_receipt_id\"": \""ec50bdee-3698-4cef-b3c9-833ceb232c5e\"", \""cashback\"": 0, \""image_urls\"": [\""https://img.cdn4dd.com/cdn-cgi/image/format=auto/https://doordash-static.s3.amazonaws.com/media/photosV2/725f7c0c-51e6-4245-aa92-edc57ac4d73b-retina-large.jpeg\""], \""country_code\"": \""US\"", \""api_version\"": 14}""
  }
]"
"[
  {
    ""key"": ""unmatched_item_info"",
    ""value"": ""[]""
  },
  {
    ""key"": ""embedding_matching_df"",
    ""value"": ""{\""MOTTS APLSC NTRL\"": {\""Simply Potatoes Sour Cream & Chive Mashed Potatoes (24 oz)\"": 0.21601674402315446, \""So Delicious Dairy Free Vanilla Coconut Milk Yogurt (5.3 oz)\"": 0.1851360159228339, \""Butternut Squash (each)\"": 0.20121420075653362, \""Lindy's Homemade Italian Ice Cream Cherry (6 oz)\"": 0.19851896731875981, \""Bowl & Basket Red Potatoes (5 lb)\"": 0.20915504495392026, \""Talenti Dairy-Free Double Cookie Crunch Gelato (1 pt)\"": 0.23351643277962947, \""Mott's Unsweetened Applesauce (46 oz)\"": 0.4414156994063686, \""Progresso Vegetable Classics Macaroni & Bean Soup (19 oz)\"": 0.193220175834474, \""Bowl & Basket Italian Style Wedding Soup with Meatballs (20 oz)\"": 0.13474800362420547, \""Bag Fee\"": 0.0, \""Bottle Deposit aka CRV\"": 0.0, \""Unknown Item\"": 0.2409879634787127}, \""PROG VC MAC & BEAN\"": {\""Simply Potatoes Sour Cream & Chive Mashed Potatoes (24 oz)\"": 0.23436966586256755, \""So Delicious Dairy Free Vanilla Coconut Milk Yogurt (5.3 oz)\"": 0.24428774237076986, \""Butternut Squash (each)\"": 0.22436635984952805, \""Lindy's Homemade Italian Ice Cream Cherry (6 oz)\"": 0.2006523235995976, \""Bowl & Basket Red Potatoes (5 lb)\"": 0.1990287846303802, \""Talenti Dairy-Free Double Cookie Crunch Gelato (1 pt)\"": 0.2223044805752672, \""Mott's Unsweetened Applesauce (46 oz)\"": 0.17723078775873358, \""Progresso Vegetable Classics Macaroni & Bean Soup (19 oz)\"": 0.4608581178476556, \""Bowl & Basket Italian Style Wedding Soup with Meatballs (20 oz)\"": 0.20960558965224213, \""Bag Fee\"": 0.0, \""Bottle Deposit aka CRV\"": 0.0, \""Unknown Item\"": 0.2608847913082692}, \""SMPLY POT SR CRM C\"": {\""Simply Potatoes Sour Cream & Chive Mashed Potatoes (24 oz)\"": 0.29284299642227685, \""So Delicious Dairy Free Vanilla Coconut Milk Yogurt (5.3 oz)\"": 0.17480268675809302, \""Butternut Squash (each)\"": 0.21736671723498915, \""Lindy's Homemade Italian Ice Cream Cherry (6 oz)\"": 0.17836767676167845, \""Bowl & Basket Red Potatoes (5 lb)\"": 0.28433993257371426, \""Talenti Dairy-Free Double Cookie Crunch Gelato (1 pt)\"": 0.20772926147620163, \""Mott's Unsweetened Applesauce (46 oz)\"": 0.2237619214923045, \""Progresso Vegetable Classics Macaroni & Bean Soup (19 oz)\"": 0.22364619268944022, \""Bowl & Basket Italian Style Wedding Soup with Meatballs (20 oz)\"": 0.1984779848903557, \""Bag Fee\"": 0.0, \""Bottle Deposit aka CRV\"": 0.0, \""Unknown Item\"": 0.2567906319356986}, \""SQUASH BUTTERNUT\"": {\""Simply Potatoes Sour Cream & Chive Mashed Potatoes (24 oz)\"": 0.3117090336198141, \""So Delicious Dairy Free Vanilla Coconut Milk Yogurt (5.3 oz)\"": 0.2124411635801512, \""Butternut Squash (each)\"": 0.6612109775330796, \""Lindy's Homemade Italian Ice Cream Cherry (6 oz)\"": 0.18036652253422936, \""Bowl & Basket Red Potatoes (5 lb)\"": 0.3359690600932471, \""Talenti Dairy-Free Double Cookie Crunch Gelato (1 pt)\"": 0.226922880729324, \""Mott's Unsweetened Applesauce (46 oz)\"": 0.2716568353293315, \""Progresso Vegetable Classics Macaroni & Bean Soup (19 oz)\"": 0.3179257722749976, \""Bowl & Basket Italian Style Wedding Soup with Meatballs (20 oz)\"": 0.30648643660649333, \""Bag Fee\"": 0.0, \""Bottle Deposit aka CRV\"": 0.0, \""Unknown Item\"": 0.17837360331207355}, \""RED POTATO 5LB\"": {\""Simply Potatoes Sour Cream & Chive Mashed Potatoes (24 oz)\"": 0.5053457079999287, \""So Delicious Dairy Free Vanilla Coconut Milk Yogurt (5.3 oz)\"": 0.32013435339522417, \""Butternut Squash (each)\"": 0.3746828200696842, \""Lindy's Homemade Italian Ice Cream Cherry (6 oz)\"": 0.2853868213630846, \""Bowl & Basket Red Potatoes (5 lb)\"": 0.7272549675279966, \""Talenti Dairy-Free Double Cookie Crunch Gelato (1 pt)\"": 0.2427323930547176, \""Mott's Unsweetened Applesauce (46 oz)\"": 0.3459037180270213, \""Progresso Vegetable Classics Macaroni & Bean Soup (19 oz)\"": 0.3237995350935661, \""Bowl & Basket Italian Style Wedding Soup with Meatballs (20 oz)\"": 0.3139624994201068, \""Bag Fee\"": 0.0, \""Bottle Deposit aka CRV\"": 0.0, \""Unknown Item\"": 0.2089388864777733}, \""SDELCS YGRT N/D ST\"": {\""Simply Potatoes Sour Cream & Chive Mashed Potatoes (24 oz)\"": 0.13362923021219822, \""So Delicious Dairy Free Vanilla Coconut Milk Yogurt (5.3 oz)\"": 0.22831267904682911, \""Butternut Squash (each)\"": 0.16667738582869568, \""Lindy's Homemade Italian Ice Cream Cherry (6 oz)\"": 0.18519000691199464, \""Bowl & Basket Red Potatoes (5 lb)\"": 0.14106216598454344, \""Talenti Dairy-Free Double Cookie Crunch Gelato (1 pt)\"": 0.19593658797529329, \""Mott's Unsweetened Applesauce (46 oz)\"": 0.126540118296426, \""Progresso Vegetable Classics Macaroni & Bean Soup (19 oz)\"": 0.12204665787224912, \""Bowl & Basket Italian Style Wedding Soup with Meatballs (20 oz)\"": 0.11386856151999059, \""Bag Fee\"": 0.0, \""Bottle Deposit aka CRV\"": 0.0, \""Unknown Item\"": 0.2983493130292485}, \""SRBB ITALIAN WEDDI\"": {\""Simply Potatoes Sour Cream & Chive Mashed Potatoes (24 oz)\"": 0.08467211413331514, \""So Delicious Dairy Free Vanilla Coconut Milk Yogurt (5.3 oz)\"": 0.1101358227074359, \""Butternut Squash (each)\"": 0.13782364502848615, \""Lindy's Homemade Italian Ice Cream Cherry (6 oz)\"": 0.26296053462729135, \""Bowl & Basket Red Potatoes (5 lb)\"": 0.16884745547691113, \""Talenti Dairy-Free Double Cookie Crunch Gelato (1 pt)\"": 0.18077084846219724, \""Mott's Unsweetened Applesauce (46 oz)\"": 0.058260845274182765, \""Progresso Vegetable Classics Macaroni & Bean Soup (19 oz)\"": 0.14633361244325865, \""Bowl & Basket Italian Style Wedding Soup with Meatballs (20 oz)\"": 0.36570881238777503, \""Bag Fee\"": 0.0, \""Bottle Deposit aka CRV\"": 0.0, \""Unknown Item\"": 0.17200729093503225}, \""LINDY ICE CHERRY 6\"": {\""Simply Potatoes Sour Cream & Chive Mashed Potatoes (24 oz)\"": 0.2353026913880129, \""So Delicious Dairy Free Vanilla Coconut Milk Yogurt (5.3 oz)\"": 0.2683474702581525, \""Butternut Squash (each)\"": 0.1903917660029313, \""Lindy's Homemade Italian Ice Cream Cherry (6 oz)\"": 0.6492707168717214, \""Bowl & Basket Red Potatoes (5 lb)\"": 0.2539252274996822, \""Talenti Dairy-Free Double Cookie Crunch Gelato (1 pt)\"": 0.3183709234913462, \""Mott's Unsweetened Applesauce (46 oz)\"": 0.26095955195119697, \""Progresso Vegetable Classics Macaroni & Bean Soup (19 oz)\"": 0.1748802167018501, \""Bowl & Basket Italian Style Wedding Soup with Meatballs (20 oz)\"": 0.22424542691553062, \""Bag Fee\"": 0.0, \""Bottle Deposit aka CRV\"": 0.0, \""Unknown Item\"": 0.19425814906932068}, \""TAL DF DBL CKIE CR\"": {\""Simply Potatoes Sour Cream & Chive Mashed Potatoes (24 oz)\"": 0.15055704694531966, \""So Delicious Dairy Free Vanilla Coconut Milk Yogurt (5.3 oz)\"": 0.1815124586899318, \""Butternut Squash (each)\"": 0.13393215177122292, \""Lindy's Homemade Italian Ice Cream Cherry (6 oz)\"": 0.21381783822781208, \""Bowl & Basket Red Potatoes (5 lb)\"": 0.15315080945805398, \""Talenti Dairy-Free Double Cookie Crunch Gelato (1 pt)\"": 0.3116976336334076, \""Mott's Unsweetened Applesauce (46 oz)\"": 0.11439541332723255, \""Progresso Vegetable Classics Macaroni & Bean Soup (19 oz)\"": 0.1225900726609398, \""Bowl & Basket Italian Style Wedding Soup with Meatballs (20 oz)\"": 0.1273895511105639, \""Bag Fee\"": 0.0, \""Bottle Deposit aka CRV\"": 0.0, \""Unknown Item\"": 0.26014338134914233}, \""REUSABLE BAG-WHITE\"": {\""Simply Potatoes Sour Cream & Chive Mashed Potatoes (24 oz)\"": 0.2163850845540155, \""So Delicious Dairy Free Vanilla Coconut Milk Yogurt (5.3 oz)\"": 0.2416807680296938, \""Butternut Squash (each)\"": 0.20488266187331453, \""Lindy's Homemade Italian Ice Cream Cherry (6 oz)\"": 0.1940751742957477, \""Bowl & Basket Red Potatoes (5 lb)\"": 0.32101577671873266, \""Talenti Dairy-Free Double Cookie Crunch Gelato (1 pt)\"": 0.2130685327531403, \""Mott's Unsweetened Applesauce (46 oz)\"": 0.2402259736050546, \""Progresso Vegetable Classics Macaroni & Bean Soup (19 oz)\"": 0.22304852634906555, \""Bowl & Basket Italian Style Wedding Soup with Meatballs (20 oz)\"": 0.2387461316837485, \""Bag Fee\"": 0.5584246919855942, \""Bottle Deposit aka CRV\"": 0.30119260596632874, \""Unknown Item\"": 0.14829070564679855}, \""Unknown Item\"": {\""Simply Potatoes Sour Cream & Chive Mashed Potatoes (24 oz)\"": 0.16375350680675574, \""So Delicious Dairy Free Vanilla Coconut Milk Yogurt (5.3 oz)\"": 0.18001910248527278, \""Butternut Squash (each)\"": 0.21033596352602554, \""Lindy's Homemade Italian Ice Cream Cherry (6 oz)\"": 0.1600665058120742, \""Bowl & Basket Red Potatoes (5 lb)\"": 0.17873236494752262, \""Talenti Dairy-Free Double Cookie Crunch Gelato (1 pt)\"": 0.20976730536843757, \""Mott's Unsweetened Applesauce (46 oz)\"": 0.2313008708793016, \""Progresso Vegetable Classics Macaroni & Bean Soup (19 oz)\"": 0.15748271177341536, \""Bowl & Basket Italian Style Wedding Soup with Meatballs (20 oz)\"": 0.15682282682821633, \""Bag Fee\"": 0.300414460999277, \""Bottle Deposit aka CRV\"": 0.21774851845191506, \""Unknown Item\"": 0.9990000776809496}}""
  },
  {
    ""key"": ""total_amount"",
    ""value"": ""{\""money\"": {\""unit_amount\"": 5049, \""currency\"": \""USD\"", \""display_string\"": \""None50.49\"", \""decimal_places\"": 2, \""sign\"": null, \""symbol\"": null}, \""confidence_score\"": 1.0}""
  },
  {
    ""key"": ""discount_amount"",
    ""value"": ""{\""money\"": {\""unit_amount\"": 0, \""currency\"": \""USD\"", \""display_string\"": \""None0.00\"", \""decimal_places\"": 2, \""sign\"": null, \""symbol\"": null}, \""confidence_score\"": 1.0}""
  },
  {
    ""key"": ""business_id"",
    ""value"": ""12676623""
  },
  {
    ""key"": ""subtotal_amount"",
    ""value"": ""{\""money\"": {\""unit_amount\"": 5049, \""currency\"": \""USD\"", \""display_string\"": \""None50.49\"", \""decimal_places\"": 2, \""sign\"": null, \""symbol\"": null}, \""confidence_score\"": 1.0}""
  },
  {
    ""key"": ""tax_confidence_score"",
    ""value"": ""1.0""
  },
  {
    ""key"": ""matched_item_info"",
    ""value"": ""[{\""merchant_supplied_id\"": \""00014800001846\"", \""display_name\"": \""Mott's Unsweetened Applesauce (46 oz)\"", \""ocr_description\"": \""MOTTS APLSC NTRL\"", \""quantity\"": {\""value\"": 1.0}, \""price_per_unit\"": {\""unit_amount\"": 439, \""currency\"": \""USD\"", \""display_string\"": \""None4.39\"", \""decimal_places\"": 2, \""sign\"": null, \""symbol\"": null}, \""item_price\"": {\""unit_amount\"": 439, \""currency\"": \""USD\"", \""display_string\"": \""None4.39\"", \""decimal_places\"": 2, \""sign\"": null, \""symbol\"": null}, \""non_discount_price_per_unit\"": {\""unit_amount\"": 0, \""currency\"": \""USD\"", \""display_string\"": \""None0.00\"", \""decimal_places\"": 2, \""sign\"": null, \""symbol\"": null}, \""non_discount_item_price\"": {\""unit_amount\"": 0, \""currency\"": \""USD\"", \""display_string\"": \""None0.00\"", \""decimal_places\"": 2, \""sign\"": null, \""symbol\"": null}, \""sold_by_weight\"": false, \""confidence_score\"": 1.0}, {\""merchant_supplied_id\"": \""00041196010619\"", \""display_name\"": \""Progresso Vegetable Classics Macaroni & Bean Soup (19 oz)\"", \""ocr_description\"": \""PROG VC MAC & BEAN\"", \""quantity\"": {\""value\"": 1.0}, \""price_per_unit\"": {\""unit_amount\"": 359, \""currency\"": \""USD\"", \""display_string\"": \""None3.59\"", \""decimal_places\"": 2, \""sign\"": null, \""symbol\"": null}, \""item_price\"": {\""unit_amount\"": 359, \""currency\"": \""USD\"", \""display_string\"": \""None3.59\"", \""decimal_places\"": 2, \""sign\"": null, \""symbol\"": null}, \""non_discount_price_per_unit\"": {\""unit_amount\"": 0, \""currency\"": \""USD\"", \""display_string\"": \""None0.00\"", \""decimal_places\"": 2, \""sign\"": null, \""symbol\"": null}, \""non_discount_item_price\"": {\""unit_amount\"": 0, \""currency\"": \""USD\"", \""display_string\"": \""None0.00\"", \""decimal_places\"": 2, \""sign\"": null, \""symbol\"": null}, \""sold_by_weight\"": false, \""confidence_score\"": 1.0}, {\""merchant_supplied_id\"": \""00020169221405\"", \""display_name\"": \""Simply Potatoes Sour Cream & Chive Mashed Potatoes (24 oz)\"", \""ocr_description\"": \""SMPLY POT SR CRM C\"", \""quantity\"": {\""value\"": 1.0}, \""price_per_unit\"": {\""unit_amount\"": 429, \""currency\"": \""USD\"", \""display_string\"": \""None4.29\"", \""decimal_places\"": 2, \""sign\"": null, \""symbol\"": null}, \""item_price\"": {\""unit_amount\"": 429, \""currency\"": \""USD\"", \""display_string\"": \""None4.29\"", \""decimal_places\"": 2, \""sign\"": null, \""symbol\"": null}, \""non_discount_price_per_unit\"": {\""unit_amount\"": 0, \""currency\"": \""USD\"", \""display_string\"": \""None0.00\"", \""decimal_places\"": 2, \""sign\"": null, \""symbol\"": null}, \""non_discount_item_price\"": {\""unit_amount\"": 0, \""currency\"": \""USD\"", \""display_string\"": \""None0.00\"", \""decimal_places\"": 2, \""sign\"": null, \""symbol\"": null}, \""sold_by_weight\"": false, \""confidence_score\"": 1.0}, {\""merchant_supplied_id\"": \""00000000047593\"", \""display_name\"": \""Butternut Squash (each)\"", \""ocr_description\"": \""SQUASH BUTTERNUT\"", \""quantity\"": {\""value\"": 6.25}, \""price_per_unit\"": {\""unit_amount\"": 199, \""currency\"": \""USD\"", \""display_string\"": \""None1.99\"", \""decimal_places\"": 2, \""sign\"": null, \""symbol\"": null}, \""item_price\"": {\""unit_amount\"": 1244, \""currency\"": \""USD\"", \""display_string\"": \""None12.44\"", \""decimal_places\"": 2, \""sign\"": null, \""symbol\"": null}, \""non_discount_price_per_unit\"": {\""unit_amount\"": 0, \""currency\"": \""USD\"", \""display_string\"": \""None0.00\"", \""decimal_places\"": 2, \""sign\"": null, \""symbol\"": null}, \""non_discount_item_price\"": {\""unit_amount\"": 0, \""currency\"": \""USD\"", \""display_string\"": \""None0.00\"", \""decimal_places\"": 2, \""sign\"": null, \""symbol\"": null}, \""sold_by_weight\"": true, \""confidence_score\"": 1.0}, {\""merchant_supplied_id\"": \""00041190076376\"", \""display_name\"": \""Bowl & Basket Red Potatoes (5 lb)\"", \""ocr_description\"": \""RED POTATO 5LB\"", \""quantity\"": {\""value\"": 1.0}, \""price_per_unit\"": {\""unit_amount\"": 599, \""currency\"": \""USD\"", \""display_string\"": \""None5.99\"", \""decimal_places\"": 2, \""sign\"": null, \""symbol\"": null}, \""item_price\"": {\""unit_amount\"": 599, \""currency\"": \""USD\"", \""display_string\"": \""None5.99\"", \""decimal_places\"": 2, \""sign\"": null, \""symbol\"": null}, \""non_discount_price_per_unit\"": {\""unit_amount\"": 0, \""currency\"": \""USD\"", \""display_string\"": \""None0.00\"", \""decimal_places\"": 2, \""sign\"": null, \""symbol\"": null}, \""non_discount_item_price\"": {\""unit_amount\"": 0, \""currency\"": \""USD\"", \""display_string\"": \""None0.00\"", \""decimal_places\"": 2, \""sign\"": null, \""symbol\"": null}, \""sold_by_weight\"": false, \""confidence_score\"": 1.0}, {\""merchant_supplied_id\"": \""00744473000135\"", \""display_name\"": \""So Delicious Dairy Free Vanilla Coconut Milk Yogurt (5.3 oz)\"", \""ocr_description\"": \""SDELCS YGRT N/D ST\"", \""quantity\"": {\""value\"": 4.0}, \""price_per_unit\"": {\""unit_amount\"": 179, \""currency\"": \""USD\"", \""display_string\"": \""None1.79\"", \""decimal_places\"": 2, \""sign\"": null, \""symbol\"": null}, \""item_price\"": {\""unit_amount\"": 716, \""currency\"": \""USD\"", \""display_string\"": \""None7.16\"", \""decimal_places\"": 2, \""sign\"": null, \""symbol\"": null}, \""non_discount_price_per_unit\"": {\""unit_amount\"": 0, \""currency\"": \""USD\"", \""display_string\"": \""None0.00\"", \""decimal_places\"": 2, \""sign\"": null, \""symbol\"": null}, \""non_discount_item_price\"": {\""unit_amount\"": 0, \""currency\"": \""USD\"", \""display_string\"": \""None0.00\"", \""decimal_places\"": 2, \""sign\"": null, \""symbol\"": null}, \""sold_by_weight\"": false, \""confidence_score\"": 1.0}, {\""merchant_supplied_id\"": \""00041190467778\"", \""display_name\"": \""Bowl & Basket Italian Style Wedding Soup with Meatballs (20 oz)\"", \""ocr_description\"": \""SRBB ITALIAN WEDDI\"", \""quantity\"": {\""value\"": 1.0}, \""price_per_unit\"": {\""unit_amount\"": 449, \""currency\"": \""USD\"", \""display_string\"": \""None4.49\"", \""decimal_places\"": 2, \""sign\"": null, \""symbol\"": null}, \""item_price\"": {\""unit_amount\"": 449, \""currency\"": \""USD\"", \""display_string\"": \""None4.49\"", \""decimal_places\"": 2, \""sign\"": null, \""symbol\"": null}, \""non_discount_price_per_unit\"": {\""unit_amount\"": 499, \""currency\"": \""USD\"", \""display_string\"": \""None4.99\"", \""decimal_places\"": 2, \""sign\"": null, \""symbol\"": null}, \""non_discount_item_price\"": {\""unit_amount\"": 499, \""currency\"": \""USD\"", \""display_string\"": \""None4.99\"", \""decimal_places\"": 2, \""sign\"": null, \""symbol\"": null}, \""sold_by_weight\"": false, \""confidence_score\"": 1.0}, {\""merchant_supplied_id\"": \""00815294000113\"", \""display_name\"": \""Lindy's Homemade Italian Ice Cream Cherry (6 oz)\"", \""ocr_description\"": \""LINDY ICE CHERRY 6\"", \""quantity\"": {\""value\"": 1.0}, \""price_per_unit\"": {\""unit_amount\"": 199, \""currency\"": \""USD\"", \""display_string\"": \""None1.99\"", \""decimal_places\"": 2, \""sign\"": null, \""symbol\"": null}, \""item_price\"": {\""unit_amount\"": 199, \""currency\"": \""USD\"", \""display_string\"": \""None1.99\"", \""decimal_places\"": 2, \""sign\"": null, \""symbol\"": null}, \""non_discount_price_per_unit\"": {\""unit_amount\"": 399, \""currency\"": \""USD\"", \""display_string\"": \""None3.99\"", \""decimal_places\"": 2, \""sign\"": null, \""symbol\"": null}, \""non_discount_item_price\"": {\""unit_amount\"": 399, \""currency\"": \""USD\"", \""display_string\"": \""None3.99\"", \""decimal_places\"": 2, \""sign\"": null, \""symbol\"": null}, \""sold_by_weight\"": false, \""confidence_score\"": 1.0}, {\""merchant_supplied_id\"": \""00186852001614\"", \""display_name\"": \""Talenti Dairy-Free Double Cookie Crunch Gelato (1 pt)\"", \""ocr_description\"": \""TAL DF DBL CKIE CR\"", \""quantity\"": {\""value\"": 1.0}, \""price_per_unit\"": {\""unit_amount\"": 549, \""currency\"": \""USD\"", \""display_string\"": \""None5.49\"", \""decimal_places\"": 2, \""sign\"": null, \""symbol\"": null}, \""item_price\"": {\""unit_amount\"": 549, \""currency\"": \""USD\"", \""display_string\"": \""None5.49\"", \""decimal_places\"": 2, \""sign\"": null, \""symbol\"": null}, \""non_discount_price_per_unit\"": {\""unit_amount\"": 0, \""currency\"": \""USD\"", \""display_string\"": \""None0.00\"", \""decimal_places\"": 2, \""sign\"": null, \""symbol\"": null}, \""non_discount_item_price\"": {\""unit_amount\"": 0, \""currency\"": \""USD\"", \""display_string\"": \""None0.00\"", \""decimal_places\"": 2, \""sign\"": null, \""symbol\"": null}, \""sold_by_weight\"": false, \""confidence_score\"": 1.0}]""
  },
  {
    ""key"": ""bag_fee_info"",
    ""value"": ""{\""quantity\"": {\""value\"": 2.0}, \""price_per_unit\"": {\""unit_amount\"": 33, \""currency\"": \""USD\"", \""display_string\"": \""None0.33\"", \""decimal_places\"": 2, \""sign\"": null, \""symbol\"": null}, \""item_price\"": {\""unit_amount\"": 66, \""currency\"": \""USD\"", \""display_string\"": \""None0.66\"", \""decimal_places\"": 2, \""sign\"": null, \""symbol\"": null}, \""confidence_score\"": 1.0}""
  },
  {
    ""key"": ""blink_items_df"",
    ""value"": ""{\""ocr_description\"": {\""0\"": \""MOTTS APLSC NTRL\"", \""1\"": \""PROG VC MAC & BEAN\"", \""2\"": \""SMPLY POT SR CRM C\"", \""3\"": \""SQUASH BUTTERNUT\"", \""4\"": \""RED POTATO 5LB\"", \""5\"": \""SDELCS YGRT N/D ST\"", \""6\"": \""SRBB ITALIAN WEDDI\"", \""7\"": \""LINDY ICE CHERRY 6\"", \""8\"": \""TAL DF DBL CKIE CR\"", \""9\"": \""REUSABLE BAG-WHITE\"", \""10\"": \""discount_cents\"", \""11\"": \""subtotal_cents\"", \""12\"": \""total_tax_cents\"", \""13\"": \""total_cents\""}, \""quantity\"": {\""0\"": 1.0, \""1\"": 1.0, \""2\"": 1.0, \""3\"": 6.25, \""4\"": 1.0, \""5\"": 4.0, \""6\"": 1.0, \""7\"": 1.0, \""8\"": 1.0, \""9\"": 2.0, \""10\"": NaN, \""11\"": NaN, \""12\"": NaN, \""13\"": NaN}, \""price_per_unit_cents\"": {\""0\"": 439.0, \""1\"": 359.0, \""2\"": 429.0, \""3\"": 199.0, \""4\"": 599.0, \""5\"": 179.0, \""6\"": 449.0, \""7\"": 199.0, \""8\"": 549.0, \""9\"": 33.0, \""10\"": NaN, \""11\"": NaN, \""12\"": NaN, \""13\"": NaN}, \""item_price_cents\"": {\""0\"": 439, \""1\"": 359, \""2\"": 429, \""3\"": 1244, \""4\"": 599, \""5\"": 716, \""6\"": 449, \""7\"": 199, \""8\"": 549, \""9\"": 66, \""10\"": 0, \""11\"": 5049, \""12\"": 0, \""13\"": 5049}}""
  },
  {
    ""key"": ""input_swipe_amount"",
    ""value"": ""5049""
  },
  {
    ""key"": ""is_legible"",
    ""value"": ""true""
  },
  {
    ""key"": ""input_item_info"",
    ""value"": ""[{\""merchant_supplied_id\"": \""00020169221405\"", \""display_name\"": \""Simply Potatoes Sour Cream & Chive Mashed Potatoes (24 oz)\"", \""scanned_barcode\"": null}, {\""merchant_supplied_id\"": \""00744473000135\"", \""display_name\"": \""So Delicious Dairy Free Vanilla Coconut Milk Yogurt (5.3 oz)\"", \""scanned_barcode\"": null}, {\""merchant_supplied_id\"": \""00000000047593\"", \""display_name\"": \""Butternut Squash (each)\"", \""scanned_barcode\"": null}, {\""merchant_supplied_id\"": \""00815294000113\"", \""display_name\"": \""Lindy's Homemade Italian Ice Cream Cherry (6 oz)\"", \""scanned_barcode\"": null}, {\""merchant_supplied_id\"": \""00041190076376\"", \""display_name\"": \""Bowl & Basket Red Potatoes (5 lb)\"", \""scanned_barcode\"": null}, {\""merchant_supplied_id\"": \""00186852001614\"", \""display_name\"": \""Talenti Dairy-Free Double Cookie Crunch Gelato (1 pt)\"", \""scanned_barcode\"": null}, {\""merchant_supplied_id\"": \""00014800001846\"", \""display_name\"": \""Mott's Unsweetened Applesauce (46 oz)\"", \""scanned_barcode\"": null}, {\""merchant_supplied_id\"": \""00041196010619\"", \""display_name\"": \""Progresso Vegetable Classics Macaroni & Bean Soup (19 oz)\"", \""scanned_barcode\"": null}, {\""merchant_supplied_id\"": \""00041190467778\"", \""display_name\"": \""Bowl & Basket Italian Style Wedding Soup with Meatballs (20 oz)\"", \""scanned_barcode\"": null}]""
  },
  {
    ""key"": ""url"",
    ""value"": ""\""https://img.cdn4dd.com/cdn-cgi/image/format=auto/https://doordash-static.s3.amazonaws.com/media/photosV2/06a10475-45e1-4124-be2a-3e2af3120e6e-retina-large.jpeg\""""
  },
  {
    ""key"": ""sanity_checks"",
    ""value"": ""{\""swipe_match\"": true, \""subtotal_match\"": true, \""tax_match\"": true, \""items_length_match\"": true, \""ok_ocr_name_deduping\"": true, \""item_price_reasonableness\"": true, \""weights_look_ok\"": true, \""bag_fee_max_price\"": true, \""bottle_fee_max_price\"": true, \""bag_fee_max_count\"": true, \""bottle_fee_max_count\"": true, \""tax_vs_subtotal_sanity_check\"": true, \""has_no_unknown_items\"": true, \""has_no_missing_items\"": true, \""delivery_discounts_are_nonzero\"": true}""
  },
  {
    ""key"": ""bottle_fee_info"",
    ""value"": ""{\""quantity\"": {\""value\"": 0}, \""price_per_unit\"": {\""unit_amount\"": 0, \""currency\"": \""USD\"", \""display_string\"": \""None0.00\"", \""decimal_places\"": 2, \""sign\"": null, \""symbol\"": null}, \""item_price\"": {\""unit_amount\"": 0, \""currency\"": \""USD\"", \""display_string\"": \""None0.00\"", \""decimal_places\"": 2, \""sign\"": null, \""symbol\"": null}, \""confidence_score\"": 1.0}""
  },
  {
    ""key"": ""delivery_uuid"",
    ""value"": ""\""a216d7df-c38d-3001-b33d-702d7938c922\""""
  },
  {
    ""key"": ""missing_item_info"",
    ""value"": ""[]""
  },
  {
    ""key"": ""tax_amount"",
    ""value"": ""{\""money\"": {\""unit_amount\"": 0, \""currency\"": \""USD\"", \""display_string\"": \""None0.00\"", \""decimal_places\"": 2, \""sign\"": null, \""symbol\"": null}, \""confidence_score\"": 1.0}""
  },
  {
    ""key"": ""confidence_score"",
    ""value"": ""1.0""
  },
  {
    ""key"": ""raw_blink_receipt"",
    ""value"": ""{\""banner_id\"": 22, \""channel\"": {\""confidence\"": 100, \""value\"": \""Food\""}, \""date\"": {\""confidence\"": 99.9837417602539, \""value\"": \""09/09/2024\""}, \""isDigital\"": false, \""isFraudulent\"": false, \""is_blurry\"": false, \""is_instacart_shopper\"": false, \""is_receipt\"": true, \""is_screen\"": false, \""item_confidence\"": 99, \""last4cc\"": {\""confidence\"": 99.94548797607422, \""value\"": \""8897\""}, \""loyalty_program\"": true, \""member_number\"": \""47088803493\"", \""merchant_confidence\"": 100, \""merchant_name\"": \""ShopRite\"", \""ocr_confidence\"": 99.5265884399414, \""paymentMethods\"": [{\""amount\"": {\""confidence\"": 0, \""value\"": 50.49}, \""cardType\"": {\""confidence\"": 100, \""value\"": \""Mastercard\""}, \""method\"": {\""confidence\"": 99.97687530517578, \""value\"": \""Credit\""}}], \""phones\"": [{\""confidence\"": 99.97570037841797, \""value\"": \""973-467-5436\""}], \""products\"": [{\""line\"": 1008, \""price\"": {\""confidence\"": 99.93711853027344, \""value\"": 4.39}, \""price_postfix\"": \""F\"", \""qty\"": {\""confidence\"": 0, \""value\"": 1}, \""rsd\"": {\""confidence\"": 99.9629898071289, \""original_case_value\"": \""MOTTS APLSC NTRL\"", \""value\"": \""MOTTS APLSC NTRL\""}, \""rsd_postfix\"": \"" PC\"", \""totalPrice\"": {\""confidence\"": 0, \""value\"": 4.39}}, {\""line\"": 1009, \""price\"": {\""confidence\"": 99.958984375, \""value\"": 3.59}, \""price_postfix\"": \""F\"", \""qty\"": {\""confidence\"": 0, \""value\"": 1}, \""rsd\"": {\""confidence\"": 99.97794342041016, \""original_case_value\"": \""PROG VC MAC & BEAN\"", \""value\"": \""PROG VC MAC & BEAN\""}, \""totalPrice\"": {\""confidence\"": 0, \""value\"": 3.59}}, {\""infoLines\"": [{\""line\"": 1011, \""text\"": {\""confidence\"": 100, \""value\"": \""3.49 lb @ 1.99 /lb\""}, \""type\"": {\""confidence\"": 100, \""value\"": \""Weight\""}}], \""line\"": 1010, \""price\"": {\""confidence\"": 99.94669342041016, \""value\"": 4.29}, \""price_postfix\"": \""F\"", \""qty\"": {\""confidence\"": 0, \""value\"": 1}, \""rsd\"": {\""confidence\"": 99.98143768310547, \""original_case_value\"": \""SMPLY POT SR CRM C\"", \""value\"": \""SMPLY POT SR CRM C\""}, \""totalPrice\"": {\""confidence\"": 0, \""value\"": 4.29}}, {\""infoLines\"": [{\""line\"": 1011, \""text\"": {\""confidence\"": 100, \""value\"": \""3.49 lb @ 1.99 /lb\""}, \""type\"": {\""confidence\"": 100, \""value\"": \""Weight\""}}], \""line\"": 1012, \""price\"": {\""confidence\"": 0, \""value\"": 1.99}, \""price_postfix\"": \""F\"", \""qty\"": {\""confidence\"": 0, \""value\"": 3.49}, \""rsd\"": {\""confidence\"": 100, \""original_case_value\"": \""SQUASH BUTTERNUT\"", \""value\"": \""SQUASH BUTTERNUT\""}, \""rsd_prefix\"": \""WT \"", \""totalPrice\"": {\""confidence\"": 0, \""value\"": 6.95}, \""uom\"": {\""confidence\"": 0, \""value\"": \""lb\""}}, {\""infoLines\"": [{\""line\"": 1014, \""text\"": {\""confidence\"": 100, \""value\"": \""2.76 lb @ 1.99 /lb\""}, \""type\"": {\""confidence\"": 100, \""value\"": \""Weight\""}}], \""line\"": 1013, \""price\"": {\""confidence\"": 99.78788757324219, \""value\"": 5.99}, \""price_postfix\"": \""F\"", \""qty\"": {\""confidence\"": 0, \""value\"": 1}, \""rsd\"": {\""confidence\"": 99.98394775390625, \""original_case_value\"": \""RED POTATO 5LB\"", \""value\"": \""RED POTATO 5LB\""}, \""totalPrice\"": {\""confidence\"": 0, \""value\"": 5.99}}, {\""infoLines\"": [{\""line\"": 1014, \""text\"": {\""confidence\"": 100, \""value\"": \""2.76 lb @ 1.99 /lb\""}, \""type\"": {\""confidence\"": 100, \""value\"": \""Weight\""}}, {\""line\"": 1016, \""text\"": {\""confidence\"": 100, \""value\"": \""4 @ 1.79\""}, \""type\"": {\""confidence\"": 100, \""value\"": \""Quantity\""}}], \""line\"": 1015, \""price\"": {\""confidence\"": 0, \""value\"": 1.99}, \""price_postfix\"": \""F\"", \""qty\"": {\""confidence\"": 0, \""value\"": 2.76}, \""rsd\"": {\""confidence\"": 100, \""original_case_value\"": \""SQUASH BUTTERNUT\"", \""value\"": \""SQUASH BUTTERNUT\""}, \""rsd_prefix\"": \""WT \"", \""totalPrice\"": {\""confidence\"": 0, \""value\"": 5.49}, \""uom\"": {\""confidence\"": 0, \""value\"": \""lb\""}}, {\""infoLines\"": [{\""line\"": 1016, \""text\"": {\""confidence\"": 100, \""value\"": \""4 @ 1.79\""}, \""type\"": {\""confidence\"": 100, \""value\"": \""Quantity\""}}], \""line\"": 1017, \""price\"": {\""confidence\"": 99.95709991455078, \""value\"": 1.79}, \""price_postfix\"": \""F\"", \""qty\"": {\""confidence\"": 0, \""value\"": 4}, \""rsd\"": {\""confidence\"": 100, \""original_case_value\"": \""SDELCS YGRT N/D VA\"", \""value\"": \""SDELCS YGRT N/D ST\""}, \""totalPrice\"": {\""confidence\"": 0, \""value\"": 7.16}}, {\""fullPrice\"": {\""confidence\"": 0, \""value\"": 4.99}, \""infoLines\"": [{\""line\"": 1019, \""text\"": {\""confidence\"": 100, \""value\"": \""On Sale You Saved 0.50\""}, \""type\"": {\""confidence\"": 100, \""value\"": \""Price Cut\""}}], \""line\"": 1018, \""price\"": {\""confidence\"": 99.94127655029297, \""value\"": 4.49}, \""price_postfix\"": \""F\"", \""qty\"": {\""confidence\"": 0, \""value\"": 1}, \""rsd\"": {\""confidence\"": 99.9848403930664, \""original_case_value\"": \""SRBB ITALIAN WEDDI\"", \""value\"": \""SRBB ITALIAN WEDDI\""}, \""totalPrice\"": {\""confidence\"": 0, \""value\"": 4.49}}, {\""fullPrice\"": {\""confidence\"": 0, \""value\"": 3.99}, \""infoLines\"": [{\""line\"": 1021, \""text\"": {\""confidence\"": 100, \""value\"": \""On Sale You Saved 2.00\""}, \""type\"": {\""confidence\"": 100, \""value\"": \""Price Cut\""}}], \""line\"": 1020, \""price\"": {\""confidence\"": 99.84722900390625, \""value\"": 1.99}, \""price_postfix\"": \""F\"", \""qty\"": {\""confidence\"": 0, \""value\"": 1}, \""rsd\"": {\""confidence\"": 99.98257446289062, \""original_case_value\"": \""LINDY ICE CHERRY 6\"", \""value\"": \""LINDY ICE CHERRY 6\""}, \""totalPrice\"": {\""confidence\"": 0, \""value\"": 1.99}}, {\""infoLines\"": [{\""line\"": 1023, \""text\"": {\""confidence\"": 100, \""value\"": \""2 @ 0.33\""}, \""type\"": {\""confidence\"": 100, \""value\"": \""Quantity\""}}], \""line\"": 1022, \""price\"": {\""confidence\"": 99.95830535888672, \""value\"": 5.49}, \""price_postfix\"": \""F\"", \""qty\"": {\""confidence\"": 0, \""value\"": 1}, \""rsd\"": {\""confidence\"": 99.9886245727539, \""original_case_value\"": \""TAL DF DBL CKIE CR\"", \""value\"": \""TAL DF DBL CKIE CR\""}, \""totalPrice\"": {\""confidence\"": 0, \""value\"": 5.49}}, {\""infoLines\"": [{\""line\"": 1023, \""text\"": {\""confidence\"": 100, \""value\"": \""2 @ 0.33\""}, \""type\"": {\""confidence\"": 100, \""value\"": \""Quantity\""}}, {\""line\"": 1025, \""text\"": {\""confidence\"": 100, \""value\"": \""Valued Customer 47088803493\""}, \""type\"": {\""confidence\"": 100, \""value\"": \""\""}}], \""line\"": 1024, \""price\"": {\""confidence\"": 99.9864273071289, \""value\"": 0.33}, \""price_postfix\"": \""T\"", \""qty\"": {\""confidence\"": 0, \""value\"": 2}, \""rsd\"": {\""confidence\"": 99.9864273071289, \""original_case_value\"": \""Reusable Bag-White\"", \""value\"": \""REUSABLE BAG-WHITE\""}, \""totalPrice\"": {\""confidence\"": 0, \""value\"": 0.66}}], \""purchase_type\"": \""In-Store\"", \""raw_basket\"": \""MOTTS APLSC NTRL PC 4.39 F\\nPROG VC MAC & BEAN 3.59 F\\nSMPLY POT SR CRM C 4.29 F\\n3.49 lb @ 1.99 /lb\\nWT SQUASH BUTTERNUT 6.95 F\\nRED POTATO 5LB 5.99 F\\n2.76 lb @ 1.99 /lb\\nWT SQUASH BUTTERNUT 5.49 F\\n4 @ 1.79\\nSDELCS YGRT N/D VA 7.16 F\\nSRBB ITALIAN WEDDI 4.49 F\\nOn Sale You Saved 0.50\\nLINDY ICE CHERRY 6 1.99 F\\nOn Sale You Saved 2.00\\nTAL DF DBL CKIE CR 5.49 F\\n2 @ 0.33\\nReusable Bag-White 0.66 T\\n\"", \""raw_text_array\"": [\""ShopRite of MILLBURN\\n220 MAIN ST.\\n(973) 467-5436\\n\\n09/09/24 02:25pm S298 R2 T127 C298158\\n**************************************\\n* Regular Items *\\n**************************************\\nMOTTS APLSC NTRL PC 4.39 F\\nPROG VC MAC & BEAN 3.59 F\\nSMPLY POT SR CRM C 4.29 F\\n3.49 lb @ 1.99 /lb\\nWT SQUASH BUTTERNUT 6.95 F\\nRED POTATO 5LB 5.99 F\\n2.76 lb @ 1.99 /lb\\nWT SQUASH BUTTERNUT 5.49 F\\n4 @ 1.79\\nSDELCS YGRT N/D VA 7.16 F\\nSRBB ITALIAN WEDDI 4.49 F\\nOn Sale You Saved 0.50\\nLINDY ICE CHERRY 6 1.99 F\\nOn Sale You Saved 2.00\\nTAL DF DBL CKIE CR 5.49 F\\n2 @ 0.33\\nReusable Bag-White 0.66 T\\nValued Customer 47088803493\\nTAX 0.00\\n**** BALANCE 50.49\\n**************************************\\nShopRite Credit Receipt\\nStore # 298 of MILLBURN , NJ\\nTerminal: 2 Operator: 298158 Trans: 12\\nDate: 09/09/24 Time: 02:25pm\\n\\nPurchase: $ 50.49\\nAcct#: **********8897 SWIPED\\n\\nResponse : APPROVED\\nApproval : 454990\\nPrepaid Card Balance: 0.00\\n**************************************\\nMASTER CARD 50.49\\nCHANGE 0.00\\nTOTAL NUMBER OF ITEMS SOLD = 15\\n\\n----- - Sho r\\n\""], \""raw_trip_footer\"": \""Valued Customer 47088803493\\nTAX 0.00\\n**** BALANCE 50.49\\n**************************************\\nShopRite Credit Receipt\\nStore # 298 of MILLBURN , NJ\\nTerminal: 2 Operator: 298158 Trans: 12\\nDate: 09/09/24 Time: 02:25pm\\nPurchase: $ 50.49\\nAcct# : **********8897 SWIPED\\nResponse : APPROVED\\nApproval : 454990\\nPrepaid Card Balance: 0.00\\n**************************************\\nMASTER CARD 50.49\\nCHANGE 0.00\\nTOTAL NUMBER OF ITEMS SOLD = 15\\n----- - Sho r\\n\"", \""raw_trip_header\"": \""ShopRite of MILLBURN\\n220 MAIN ST.\\n(973) 467-5436\\n09/09/24 02:25pm S298 R2 T127 C298158\\n**************************************\\n* Regular Items\\n**************************************\\n\"", \""store\"": {\""confidence\"": 99.93177795410156, \""value\"": \""298\""}, \""store_city\"": {\""confidence\"": 100, \""value\"": \""Millburn\""}, \""store_state\"": {\""confidence\"": 100, \""value\"": \""NJ\""}, \""store_street\"": {\""confidence\"": 100, \""value\"": \""220 Main Street\""}, \""store_zip\"": {\""confidence\"": 100, \""value\"": \""07041\""}, \""subtotal\"": {\""confidence\"": 100, \""value\"": 50.49}, \""taxes\"": {\""confidence\"": 99.97282409667969, \""value\"": 0}, \""time\"": {\""confidence\"": 99.9837417602539, \""value\"": \""14:25\""}, \""total\"": {\""confidence\"": 95, \""value\"": 50.49}, \""transaction\"": {\""confidence\"": 99.98329162597656, \""value\"": \""12\""}, \""trip_confidence\"": 100, \""blink_receipt_id\"": \""c7e598dd-f747-4cb7-81a5-5ed3e0e9381a\"", \""cashback\"": 0, \""image_urls\"": [\""https://img.cdn4dd.com/cdn-cgi/image/format=auto/https://doordash-static.s3.amazonaws.com/media/photosV2/06a10475-45e1-4124-be2a-3e2af3120e6e-retina-large.jpeg\""], \""country_code\"": \""US\"", \""api_version\"": 14}""
  }
]"
"[
  {
    ""key"": ""unmatched_item_info"",
    ""value"": ""[]""
  },
  {
    ""key"": ""embedding_matching_df"",
    ""value"": ""{\""BIMBO WHITE SANDWICH\"": {\""Borden Mozzarella Finely Shredded Cheese (8 oz)\"": 0.3185199796514283, \""Beef Bones (each)\"": 0.23907323377325096, \""Silk Shelf-Stable Dairy Free Almond Milk Vanilla 6 ct (8 oz)\"": 0.25983798146216286, \""Bimbo Large White Bread (24 oz)\"": 0.5957260350891578, \""Finlandia Imported Unsalted Butter (8 oz)\"": 0.2748604769947834, \""Bag Fee\"": 0.0, \""Bottle Deposit aka CRV\"": 0.0, \""Unknown Item\"": 0.19599513151850464}, \""BORDEN MOZZ FINELY S\"": {\""Borden Mozzarella Finely Shredded Cheese (8 oz)\"": 0.6574874440889645, \""Beef Bones (each)\"": 0.2308414820125933, \""Silk Shelf-Stable Dairy Free Almond Milk Vanilla 6 ct (8 oz)\"": 0.2818145926307181, \""Bimbo Large White Bread (24 oz)\"": 0.3462951522077319, \""Finlandia Imported Unsalted Butter (8 oz)\"": 0.37729018998673647, \""Bag Fee\"": 0.0, \""Bottle Deposit aka CRV\"": 0.0, \""Unknown Item\"": 0.17232861881010533}, \""FINLANDIA BUTTER UNS\"": {\""Borden Mozzarella Finely Shredded Cheese (8 oz)\"": 0.3271150296240051, \""Beef Bones (each)\"": 0.15579723652284902, \""Silk Shelf-Stable Dairy Free Almond Milk Vanilla 6 ct (8 oz)\"": 0.2694221979958465, \""Bimbo Large White Bread (24 oz)\"": 0.28459404777430264, \""Finlandia Imported Unsalted Butter (8 oz)\"": 0.7336089624325818, \""Bag Fee\"": 0.0, \""Bottle Deposit aka CRV\"": 0.0, \""Unknown Item\"": 0.1724811150287678}, \""BEEF OXTAIL\"": {\""Borden Mozzarella Finely Shredded Cheese (8 oz)\"": 0.23018732733264072, \""Beef Bones (each)\"": 0.4901942841199519, \""Silk Shelf-Stable Dairy Free Almond Milk Vanilla 6 ct (8 oz)\"": 0.2020564212538531, \""Bimbo Large White Bread (24 oz)\"": 0.23677022812293583, \""Finlandia Imported Unsalted Butter (8 oz)\"": 0.18467570706360942, \""Bag Fee\"": 0.0, \""Bottle Deposit aka CRV\"": 0.0, \""Unknown Item\"": 0.19652888864407705}, \""SK REUSABLE BAG\"": {\""Borden Mozzarella Finely Shredded Cheese (8 oz)\"": 0.20468367089841513, \""Beef Bones (each)\"": 0.19935279323550922, \""Silk Shelf-Stable Dairy Free Almond Milk Vanilla 6 ct (8 oz)\"": 0.2664764711448494, \""Bimbo Large White Bread (24 oz)\"": 0.23494505814396321, \""Finlandia Imported Unsalted Butter (8 oz)\"": 0.1885156955878652, \""Bag Fee\"": 0.5306180165313168, \""Bottle Deposit aka CRV\"": 0.33354396872770287, \""Unknown Item\"": 0.13589381009831863}, \""VP BEEF BONES\"": {\""Borden Mozzarella Finely Shredded Cheese (8 oz)\"": 0.26069335828705575, \""Beef Bones (each)\"": 0.6697898711882455, \""Silk Shelf-Stable Dairy Free Almond Milk Vanilla 6 ct (8 oz)\"": 0.22754941878109358, \""Bimbo Large White Bread (24 oz)\"": 0.28196169100085167, \""Finlandia Imported Unsalted Butter (8 oz)\"": 0.20732960553388838, \""Bag Fee\"": 0.0, \""Bottle Deposit aka CRV\"": 0.0, \""Unknown Item\"": 0.19436980837528195}, \""Unknown Item\"": {\""Borden Mozzarella Finely Shredded Cheese (8 oz)\"": 0.1825794571871647, \""Beef Bones (each)\"": 0.22327798185014425, \""Silk Shelf-Stable Dairy Free Almond Milk Vanilla 6 ct (8 oz)\"": 0.17321270086287022, \""Bimbo Large White Bread (24 oz)\"": 0.18496995982267425, \""Finlandia Imported Unsalted Butter (8 oz)\"": 0.17878077030709102, \""Bag Fee\"": 0.30060666461282687, \""Bottle Deposit aka CRV\"": 0.21786454799618984, \""Unknown Item\"": 0.9989997476752518}}""
  },
  {
    ""key"": ""total_amount"",
    ""value"": ""{\""money\"": {\""unit_amount\"": 5760, \""currency\"": \""USD\"", \""display_string\"": \""None57.60\"", \""decimal_places\"": 2, \""sign\"": null, \""symbol\"": null}, \""confidence_score\"": 1.0}""
  },
  {
    ""key"": ""discount_amount"",
    ""value"": ""{\""money\"": {\""unit_amount\"": 0, \""currency\"": \""USD\"", \""display_string\"": \""None0.00\"", \""decimal_places\"": 2, \""sign\"": null, \""symbol\"": null}, \""confidence_score\"": 1.0}""
  },
  {
    ""key"": ""business_id"",
    ""value"": ""11699102""
  },
  {
    ""key"": ""subtotal_amount"",
    ""value"": ""{\""money\"": {\""unit_amount\"": 5760, \""currency\"": \""USD\"", \""display_string\"": \""None57.60\"", \""decimal_places\"": 2, \""sign\"": null, \""symbol\"": null}, \""confidence_score\"": 1.0}""
  },
  {
    ""key"": ""tax_confidence_score"",
    ""value"": ""1.0""
  },
  {
    ""key"": ""matched_item_info"",
    ""value"": ""[{\""merchant_supplied_id\"": \""0007432309102\"", \""display_name\"": \""Bimbo Large White Bread (24 oz)\"", \""ocr_description\"": \""BIMBO WHITE SANDWICH\"", \""quantity\"": {\""value\"": 1.0}, \""price_per_unit\"": {\""unit_amount\"": 299, \""currency\"": \""USD\"", \""display_string\"": \""None2.99\"", \""decimal_places\"": 2, \""sign\"": null, \""symbol\"": null}, \""item_price\"": {\""unit_amount\"": 299, \""currency\"": \""USD\"", \""display_string\"": \""None2.99\"", \""decimal_places\"": 2, \""sign\"": null, \""symbol\"": null}, \""non_discount_price_per_unit\"": {\""unit_amount\"": 0, \""currency\"": \""USD\"", \""display_string\"": \""None0.00\"", \""decimal_places\"": 2, \""sign\"": null, \""symbol\"": null}, \""non_discount_item_price\"": {\""unit_amount\"": 0, \""currency\"": \""USD\"", \""display_string\"": \""None0.00\"", \""decimal_places\"": 2, \""sign\"": null, \""symbol\"": null}, \""sold_by_weight\"": false, \""confidence_score\"": 1.0}, {\""merchant_supplied_id\"": \""0005300007162\"", \""display_name\"": \""Borden Mozzarella Finely Shredded Cheese (8 oz)\"", \""ocr_description\"": \""BORDEN MOZZ FINELY S\"", \""quantity\"": {\""value\"": 1.0}, \""price_per_unit\"": {\""unit_amount\"": 299, \""currency\"": \""USD\"", \""display_string\"": \""None2.99\"", \""decimal_places\"": 2, \""sign\"": null, \""symbol\"": null}, \""item_price\"": {\""unit_amount\"": 299, \""currency\"": \""USD\"", \""display_string\"": \""None2.99\"", \""decimal_places\"": 2, \""sign\"": null, \""symbol\"": null}, \""non_discount_price_per_unit\"": {\""unit_amount\"": 0, \""currency\"": \""USD\"", \""display_string\"": \""None0.00\"", \""decimal_places\"": 2, \""sign\"": null, \""symbol\"": null}, \""non_discount_item_price\"": {\""unit_amount\"": 0, \""currency\"": \""USD\"", \""display_string\"": \""None0.00\"", \""decimal_places\"": 2, \""sign\"": null, \""symbol\"": null}, \""sold_by_weight\"": false, \""confidence_score\"": 1.0}, {\""merchant_supplied_id\"": \""0067380310002\"", \""display_name\"": \""Finlandia Imported Unsalted Butter (8 oz)\"", \""ocr_description\"": \""FINLANDIA BUTTER UNS\"", \""quantity\"": {\""value\"": 1.0}, \""price_per_unit\"": {\""unit_amount\"": 529, \""currency\"": \""USD\"", \""display_string\"": \""None5.29\"", \""decimal_places\"": 2, \""sign\"": null, \""symbol\"": null}, \""item_price\"": {\""unit_amount\"": 529, \""currency\"": \""USD\"", \""display_string\"": \""None5.29\"", \""decimal_places\"": 2, \""sign\"": null, \""symbol\"": null}, \""non_discount_price_per_unit\"": {\""unit_amount\"": 0, \""currency\"": \""USD\"", \""display_string\"": \""None0.00\"", \""decimal_places\"": 2, \""sign\"": null, \""symbol\"": null}, \""non_discount_item_price\"": {\""unit_amount\"": 0, \""currency\"": \""USD\"", \""display_string\"": \""None0.00\"", \""decimal_places\"": 2, \""sign\"": null, \""symbol\"": null}, \""sold_by_weight\"": false, \""confidence_score\"": 1.0}, {\""merchant_supplied_id\"": \""0020802500000\"", \""display_name\"": \""Silk Shelf-Stable Dairy Free Almond Milk Vanilla 6 ct (8 oz)\"", \""ocr_description\"": \""BEEF OXTAIL\"", \""quantity\"": {\""value\"": 3.95}, \""price_per_unit\"": {\""unit_amount\"": 1000, \""currency\"": \""USD\"", \""display_string\"": \""None10.00\"", \""decimal_places\"": 2, \""sign\"": null, \""symbol\"": null}, \""item_price\"": {\""unit_amount\"": 3951, \""currency\"": \""USD\"", \""display_string\"": \""None39.51\"", \""decimal_places\"": 2, \""sign\"": null, \""symbol\"": null}, \""non_discount_price_per_unit\"": {\""unit_amount\"": 0, \""currency\"": \""USD\"", \""display_string\"": \""None0.00\"", \""decimal_places\"": 2, \""sign\"": null, \""symbol\"": null}, \""non_discount_item_price\"": {\""unit_amount\"": 0, \""currency\"": \""USD\"", \""display_string\"": \""None0.00\"", \""decimal_places\"": 2, \""sign\"": null, \""symbol\"": null}, \""sold_by_weight\"": true, \""confidence_score\"": 1.0}, {\""merchant_supplied_id\"": \""0020003100000\"", \""display_name\"": \""Beef Bones (each)\"", \""ocr_description\"": \""VP BEEF BONES\"", \""quantity\"": {\""value\"": 2.23}, \""price_per_unit\"": {\""unit_amount\"": 299, \""currency\"": \""USD\"", \""display_string\"": \""None2.99\"", \""decimal_places\"": 2, \""sign\"": null, \""symbol\"": null}, \""item_price\"": {\""unit_amount\"": 667, \""currency\"": \""USD\"", \""display_string\"": \""None6.67\"", \""decimal_places\"": 2, \""sign\"": null, \""symbol\"": null}, \""non_discount_price_per_unit\"": {\""unit_amount\"": 0, \""currency\"": \""USD\"", \""display_string\"": \""None0.00\"", \""decimal_places\"": 2, \""sign\"": null, \""symbol\"": null}, \""non_discount_item_price\"": {\""unit_amount\"": 0, \""currency\"": \""USD\"", \""display_string\"": \""None0.00\"", \""decimal_places\"": 2, \""sign\"": null, \""symbol\"": null}, \""sold_by_weight\"": true, \""confidence_score\"": 1.0}]""
  },
  {
    ""key"": ""bag_fee_info"",
    ""value"": ""{\""quantity\"": {\""value\"": 1.0}, \""price_per_unit\"": {\""unit_amount\"": 15, \""currency\"": \""USD\"", \""display_string\"": \""None0.15\"", \""decimal_places\"": 2, \""sign\"": null, \""symbol\"": null}, \""item_price\"": {\""unit_amount\"": 15, \""currency\"": \""USD\"", \""display_string\"": \""None0.15\"", \""decimal_places\"": 2, \""sign\"": null, \""symbol\"": null}, \""confidence_score\"": 1.0}""
  },
  {
    ""key"": ""blink_items_df"",
    ""value"": ""{\""ocr_description\"": {\""0\"": \""BIMBO WHITE SANDWICH\"", \""1\"": \""BORDEN MOZZ FINELY S\"", \""2\"": \""FINLANDIA BUTTER UNS\"", \""3\"": \""BEEF OXTAIL\"", \""4\"": \""SK REUSABLE BAG\"", \""5\"": \""VP BEEF BONES\"", \""6\"": \""discount_cents\"", \""7\"": \""subtotal_cents\"", \""8\"": \""total_tax_cents\"", \""9\"": \""total_cents\""}, \""quantity\"": {\""0\"": 1.0, \""1\"": 1.0, \""2\"": 1.0, \""3\"": 3.95, \""4\"": 1.0, \""5\"": 2.23, \""6\"": NaN, \""7\"": NaN, \""8\"": NaN, \""9\"": NaN}, \""price_per_unit_cents\"": {\""0\"": 299.0, \""1\"": 299.0, \""2\"": 529.0, \""3\"": 1000.0, \""4\"": 15.0, \""5\"": 299.0, \""6\"": NaN, \""7\"": NaN, \""8\"": NaN, \""9\"": NaN}, \""item_price_cents\"": {\""0\"": 299, \""1\"": 299, \""2\"": 529, \""3\"": 3951, \""4\"": 15, \""5\"": 667, \""6\"": 0, \""7\"": 5760, \""8\"": 0, \""9\"": 5760}}""
  },
  {
    ""key"": ""input_swipe_amount"",
    ""value"": ""5760""
  },
  {
    ""key"": ""is_legible"",
    ""value"": ""true""
  },
  {
    ""key"": ""input_item_info"",
    ""value"": ""[{\""merchant_supplied_id\"": \""0005300007162\"", \""display_name\"": \""Borden Mozzarella Finely Shredded Cheese (8 oz)\"", \""scanned_barcode\"": null}, {\""merchant_supplied_id\"": \""0020003100000\"", \""display_name\"": \""Beef Bones (each)\"", \""scanned_barcode\"": null}, {\""merchant_supplied_id\"": \""0020802500000\"", \""display_name\"": \""Silk Shelf-Stable Dairy Free Almond Milk Vanilla 6 ct (8 oz)\"", \""scanned_barcode\"": null}, {\""merchant_supplied_id\"": \""0007432309102\"", \""display_name\"": \""Bimbo Large White Bread (24 oz)\"", \""scanned_barcode\"": null}, {\""merchant_supplied_id\"": \""0067380310002\"", \""display_name\"": \""Finlandia Imported Unsalted Butter (8 oz)\"", \""scanned_barcode\"": {\""code\"": \""673803100026\"", \""format\"": \""UPCA\""}}]""
  },
  {
    ""key"": ""url"",
    ""value"": ""\""https://img.cdn4dd.com/cdn-cgi/image/format=auto/https://doordash-static.s3.amazonaws.com/media/photosV2/194c5fb2-5c7d-44d1-9f3c-84dc3acc69d0-retina-large.jpeg\""""
  },
  {
    ""key"": ""sanity_checks"",
    ""value"": ""{\""swipe_match\"": true, \""subtotal_match\"": true, \""tax_match\"": true, \""items_length_match\"": true, \""ok_ocr_name_deduping\"": true, \""item_price_reasonableness\"": true, \""weights_look_ok\"": true, \""bag_fee_max_price\"": true, \""bottle_fee_max_price\"": true, \""bag_fee_max_count\"": true, \""bottle_fee_max_count\"": true, \""tax_vs_subtotal_sanity_check\"": true, \""has_no_unknown_items\"": true, \""has_no_missing_items\"": true, \""delivery_discounts_are_nonzero\"": true}""
  },
  {
    ""key"": ""bottle_fee_info"",
    ""value"": ""{\""quantity\"": {\""value\"": 0}, \""price_per_unit\"": {\""unit_amount\"": 0, \""currency\"": \""USD\"", \""display_string\"": \""None0.00\"", \""decimal_places\"": 2, \""sign\"": null, \""symbol\"": null}, \""item_price\"": {\""unit_amount\"": 0, \""currency\"": \""USD\"", \""display_string\"": \""None0.00\"", \""decimal_places\"": 2, \""sign\"": null, \""symbol\"": null}, \""confidence_score\"": 1.0}""
  },
  {
    ""key"": ""delivery_uuid"",
    ""value"": ""\""6f709763-3f3a-3001-81f1-15ffc4da2031\""""
  },
  {
    ""key"": ""missing_item_info"",
    ""value"": ""[]""
  },
  {
    ""key"": ""tax_amount"",
    ""value"": ""{\""money\"": {\""unit_amount\"": 0, \""currency\"": \""USD\"", \""display_string\"": \""None0.00\"", \""decimal_places\"": 2, \""sign\"": null, \""symbol\"": null}, \""confidence_score\"": 1.0}""
  },
  {
    ""key"": ""confidence_score"",
    ""value"": ""1.0""
  },
  {
    ""key"": ""raw_blink_receipt"",
    ""value"": ""{\""banner_id\"": 7812, \""cashier\"": {\""confidence\"": 99.98137664794922, \""value\"": \""442\""}, \""channel\"": {\""confidence\"": 100, \""value\"": \""Food\""}, \""date\"": {\""confidence\"": 99.99246978759766, \""value\"": \""09/08/2024\""}, \""isDigital\"": false, \""isFraudulent\"": false, \""is_blurry\"": false, \""is_instacart_shopper\"": false, \""is_receipt\"": true, \""is_screen\"": false, \""item_confidence\"": 100, \""last4cc\"": {\""confidence\"": 98.70603942871094, \""value\"": \""6113\""}, \""merchant_confidence\"": 99, \""merchant_name\"": \""Super King Markets\"", \""ocr_confidence\"": 99.62017059326172, \""paymentMethods\"": [{\""amount\"": {\""confidence\"": 0, \""value\"": 57.6}, \""cardType\"": {\""confidence\"": 100, \""value\"": \""Mastercard\""}, \""method\"": {\""confidence\"": 99.98970794677734, \""value\"": \""Credit\""}}], \""phones\"": [{\""confidence\"": 99.99195861816406, \""value\"": \""909-267-7252\""}], \""products\"": [{\""infoLines\"": [{\""line\"": 1021, \""text\"": {\""confidence\"": 100, \""value\"": \""1.50\""}, \""type\"": {\""confidence\"": 100, \""value\"": \""\""}}], \""line\"": 1020, \""price\"": {\""confidence\"": 99.9691390991211, \""value\"": 2.99}, \""price_postfix\"": \""*\"", \""qty\"": {\""confidence\"": 0, \""value\"": 1}, \""rsd\"": {\""confidence\"": 99.96946716308594, \""original_case_value\"": \""BIMBO WHITE SANDWICH\"", \""value\"": \""BIMBO WHITE SANDWICH\""}, \""totalPrice\"": {\""confidence\"": 0, \""value\"": 2.99}}, {\""infoLines\"": [{\""line\"": 1025, \""text\"": {\""confidence\"": 100, \""value\"": \""0.50\""}, \""type\"": {\""confidence\"": 100, \""value\"": \""\""}}], \""line\"": 1024, \""price\"": {\""confidence\"": 99.97390747070312, \""value\"": 2.99}, \""price_postfix\"": \""*\"", \""qty\"": {\""confidence\"": 0, \""value\"": 1}, \""rsd\"": {\""confidence\"": 99.25433349609375, \""original_case_value\"": \""BORDEN MOZZ FINELY S\"", \""value\"": \""BORDEN MOZZ FINELY S\""}, \""totalPrice\"": {\""confidence\"": 0, \""value\"": 2.99}}, {\""line\"": 1026, \""price\"": {\""confidence\"": 99.98094940185547, \""value\"": 5.29}, \""price_postfix\"": \""*\"", \""qty\"": {\""confidence\"": 0, \""value\"": 1}, \""rsd\"": {\""confidence\"": 99.97866821289062, \""original_case_value\"": \""FINLANDIA BUTTER UNS\"", \""value\"": \""FINLANDIA BUTTER UNS\""}, \""totalPrice\"": {\""confidence\"": 0, \""value\"": 5.29}}, {\""infoLines\"": [{\""line\"": 1030, \""text\"": {\""confidence\"": 100, \""value\"": \""3.95 lb @ 9.99/ lb 39.51 *\""}, \""type\"": {\""confidence\"": 100, \""value\"": \""Weight\""}}], \""line\"": 1029, \""price\"": {\""confidence\"": 0, \""value\"": 9.99}, \""price_postfix\"": \""*\"", \""qty\"": {\""confidence\"": 0, \""value\"": 3.95}, \""rsd\"": {\""confidence\"": 100, \""original_case_value\"": \""BEEF OXTAIL\"", \""value\"": \""BEEF OXTAIL\""}, \""totalPrice\"": {\""confidence\"": 0, \""value\"": 39.51}, \""uom\"": {\""confidence\"": 0, \""value\"": \""LB\""}}, {\""line\"": 1033, \""price\"": {\""confidence\"": 99.96533203125, \""value\"": 0.15}, \""qty\"": {\""confidence\"": 0, \""value\"": 1}, \""rsd\"": {\""confidence\"": 99.98544311523438, \""original_case_value\"": \""SK REUSABLE BAG\"", \""value\"": \""SK REUSABLE BAG\""}, \""totalPrice\"": {\""confidence\"": 0, \""value\"": 0.15}}, {\""infoLines\"": [{\""line\"": 1037, \""text\"": {\""confidence\"": 100, \""value\"": \""2.23 lb @ 2.99/ lb 6.67 *\""}, \""type\"": {\""confidence\"": 100, \""value\"": \""Weight\""}}], \""line\"": 1036, \""price\"": {\""confidence\"": 0, \""value\"": 2.99}, \""price_postfix\"": \""*\"", \""qty\"": {\""confidence\"": 0, \""value\"": 2.23}, \""rsd\"": {\""confidence\"": 100, \""original_case_value\"": \""VP BEEF BONES\"", \""value\"": \""VP BEEF BONES\""}, \""totalPrice\"": {\""confidence\"": 0, \""value\"": 6.67}, \""uom\"": {\""confidence\"": 0, \""value\"": \""LB\""}}], \""purchase_type\"": \""In-Store\"", \""raw_basket\"": \""BIMBO WHITE SANDWICH 2.99 *\\n1.50\\nDELI\\nBORDEN MOZZ FINELY S 2.99 *\\n0.50\\nFINLANDIA BUTTER UNS 5.29 *\\nFULL SERVE MEAT\\nBEEF OXTAIL\\n3.95 lb @ 9.99/ lb 39.51 *\\nGM\\nSK REUSABLE BAG 0.15\\nSELF SERVE MEAT\\nVP BEEF BONES\\n2.23 lb @ 2.99/ lb 6.67 *\\n\"", \""raw_text_array\"": [\""SUPER OI G\\nHOST of International Foods\\n\\nSUPERKING # 4\\n436 Auto Center Drive\\nClaremont, CA 91711\\n(909) 267-7252\\n\\nPURCHASE\\n\\nMaster Card #SXXXXXXXXXXXX6113\\nAuth # 957926 Exp Date **/**\\nLane # 02 Cashier # 442\\n09/08/24 13:45 Ref/Seq # 022464\\nMrch=947255 Term=001 IC=CC\\nEPS Sequence # 022464\\nTotal $ 57.60\\n\\n\\nBREAD\\nBIMBO WHITE SANDWICH 2.99 *\\n1.50\\n\\nDELI\\nBORDEN MOZZ FINELY S 2.99 *\\n0.50\\nFINLANDIA BUTTER UNS 5.29 *\\n\\nFULL SERVE MEAT\\nBEEF OXTAIL\\n3.95 lb @ 9.99/ lb 39.51 *\\n\\nGM\\nSK REUSABLE BAG 0.15\\n\\nSELF SERVE MEAT\\nVP BEEF BONES\\n2.23 lb @ 2.99/ lb 6.67 *\\n\\n\\nBALANCE DUE 57.60\\nMaster Card 57.60\\nAuth Code = 957926\\n\\nCHANGE 0.00\\n\\nTotal number of items sold = 6\\n----------------------------------------\\nBREAD\\n\\nDELI\\n\\nFULL SERVE MEAT\\n\\nGM\\n\\nSELF SERVE MEAT\\n\\n\\nCASHIER NAME: VALERIA\\nSTORE:00004 REGISTER:002 CASHIER:0442\\nTICKET#:9960 8SEP2024 13:45:38\\n*ALL RETURNS AND EXCHANGES CAN ONLY BE\\nACCEPTED WITHIN 2 DAYS FROM THE DATE OF\\nPURCHASE AND MUST BE WITH RECEIPT.\\n*RETURNS OR EXCHANGES OF NON-FOOD ITEMS\\nSHALL BE IN ORIGINAL PACKAGE *NO CASH\\nREFUND ON ITEMS PAID BY CREDIT CARD.\\n*NO RETURNS ON BABYFOOD AND FORMULA.\\nSALES ARE FINAL ON ALL GIFT CARDS\\nALCOHOLIC BEVERAGES & TOBACCO\\nLA County State Tax Rate of 9.50%\\n\""], \""raw_trip_footer\"": \""BALANCE DUE 57.60\\nMaster Card 57.60\\nAuth Code = 957926\\nCHANGE 0.00\\nTotal number of items sold = 6\\n----------------------------------------\\nBREAD\\nDELI\\nFULL SERVE MEAT\\nGM\\nSELF SERVE MEAT\\nCASHIER NAME: VALERIA\\nSTORE:00004 REGISTER:002 CASHIER:0442\\nTICKET#:9960 8SEP2024 13:45:38\\n*ALL RETURNS AND EXCHANGES CAN ONLY BE\\nACCEPTED WITHIN 2 DAYS FROM THE DATE OF\\nPURCHASE AND MUST BE WITH RECEIPT.\\n*RETURNS OR EXCHANGES OF NON-FOOD ITEMS\\nSHALL BE IN ORIGINAL PACKAGE *NO CASH\\nREFUND ON ITEMS PAID BY CREDIT CARD.\\n*NO RETURNS ON BABYFOOD AND FORMULA.\\nSALES ARE FINAL ON ALL GIFT CARDS\\nALCOHOLIC BEVERAGES & TOBACCO\\nLA County State Tax Rate of 9.50%\\n\"", \""raw_trip_header\"": \""SUPER OI G\\nHOST of International Foods\\nSUPERKING # 4\\n436 Auto Center Drive\\nClaremont, CA 91711\\n(909) 267-7252\\nPURCHASE\\nMaster Card #SXXXXXXXXXXXX6113\\nAuth # 957926 Exp Date **/**\\nLane # 02 Cashier # 442\\n09/08/24 13:45 Ref/Seq # 022464\\nMrch=947255 Term=001 IC=CC\\nEPS Sequence # 022464\\nTotal 57.60\\nBREAD\\n\"", \""register\"": {\""confidence\"": 99.93975067138672, \""value\"": \""001\""}, \""store\"": {\""confidence\"": 99.98263549804688, \""value\"": \""4\""}, \""store_city\"": {\""confidence\"": 100, \""value\"": \""Claremont\""}, \""store_state\"": {\""confidence\"": 100, \""value\"": \""CA\""}, \""store_street\"": {\""confidence\"": 100, \""value\"": \""436 Auto Center Drive.\""}, \""store_zip\"": {\""confidence\"": 100, \""value\"": \""91711\""}, \""subtotal\"": {\""confidence\"": 100, \""value\"": 57.6}, \""time\"": {\""confidence\"": 99.99246978759766, \""value\"": \""13:45\""}, \""total\"": {\""confidence\"": 95, \""value\"": 57.6}, \""trip_confidence\"": 100, \""blink_receipt_id\"": \""2f6e372d-3b48-4877-b35e-f16a713940f2\"", \""cashback\"": 0, \""image_urls\"": [\""https://img.cdn4dd.com/cdn-cgi/image/format=auto/https://doordash-static.s3.amazonaws.com/media/photosV2/194c5fb2-5c7d-44d1-9f3c-84dc3acc69d0-retina-large.jpeg\""], \""country_code\"": \""US\"", \""api_version\"": 14}""
  }
]"
"[
  {
    ""key"": ""unmatched_item_info"",
    ""value"": ""[]""
  },
  {
    ""key"": ""embedding_matching_df"",
    ""value"": ""{\""TIPPY TOES WTR\"": {\""Heirloom Tomatoes (bag)\"": 0.21487705778960164, \""Topcare Tippy Toes Purified Water for Baby (1 gal)\"": 0.4865434493947402, \""Bag Fee\"": 0.0, \""Bottle Deposit aka CRV\"": 0.0, \""Unknown Item\"": 0.23720872792948927}, \""CA REDEMP VA\"": {\""Heirloom Tomatoes (bag)\"": 0.19656881375555676, \""Topcare Tippy Toes Purified Water for Baby (1 gal)\"": 0.16607440424051198, \""Bag Fee\"": 0.21715700760935103, \""Bottle Deposit aka CRV\"": 0.4257157615074882, \""Unknown Item\"": 0.13301748239232472}, \""TOMATO-HEIRLOOM\"": {\""Heirloom Tomatoes (bag)\"": 0.643469537759896, \""Topcare Tippy Toes Purified Water for Baby (1 gal)\"": 0.1874502103425492, \""Bag Fee\"": 0.0, \""Bottle Deposit aka CRV\"": 0.0, \""Unknown Item\"": 0.25128426624842876}, \""POLY REUSABLE BAG\"": {\""Heirloom Tomatoes (bag)\"": 0.36334942633913553, \""Topcare Tippy Toes Purified Water for Baby (1 gal)\"": 0.24768983536684416, \""Bag Fee\"": 0.5630841854996689, \""Bottle Deposit aka CRV\"": 0.3171870895507058, \""Unknown Item\"": 0.12541353511697836}, \""Unknown Item\"": {\""Heirloom Tomatoes (bag)\"": 0.24637274205156856, \""Topcare Tippy Toes Purified Water for Baby (1 gal)\"": 0.16083859402833814, \""Bag Fee\"": 0.30055639532889, \""Bottle Deposit aka CRV\"": 0.21782633658907877, \""Unknown Item\"": 0.9990009990043975}}""
  },
  {
    ""key"": ""total_amount"",
    ""value"": ""{\""money\"": {\""unit_amount\"": 1775, \""currency\"": \""USD\"", \""display_string\"": \""None17.75\"", \""decimal_places\"": 2, \""sign\"": null, \""symbol\"": null}, \""confidence_score\"": 1.0}""
  },
  {
    ""key"": ""discount_amount"",
    ""value"": ""{\""money\"": {\""unit_amount\"": 0, \""currency\"": \""USD\"", \""display_string\"": \""None0.00\"", \""decimal_places\"": 2, \""sign\"": null, \""symbol\"": null}, \""confidence_score\"": 1.0}""
  },
  {
    ""key"": ""business_id"",
    ""value"": ""11504966""
  },
  {
    ""key"": ""subtotal_amount"",
    ""value"": ""{\""money\"": {\""unit_amount\"": 1775, \""currency\"": \""USD\"", \""display_string\"": \""None17.75\"", \""decimal_places\"": 2, \""sign\"": null, \""symbol\"": null}, \""confidence_score\"": 1.0}""
  },
  {
    ""key"": ""tax_confidence_score"",
    ""value"": ""1.0""
  },
  {
    ""key"": ""matched_item_info"",
    ""value"": ""[{\""merchant_supplied_id\"": \""011187536\"", \""display_name\"": \""Topcare Tippy Toes Purified Water for Baby (1 gal)\"", \""ocr_description\"": \""TIPPY TOES WTR\"", \""quantity\"": {\""value\"": 1.0}, \""price_per_unit\"": {\""unit_amount\"": 159, \""currency\"": \""USD\"", \""display_string\"": \""None1.59\"", \""decimal_places\"": 2, \""sign\"": null, \""symbol\"": null}, \""item_price\"": {\""unit_amount\"": 159, \""currency\"": \""USD\"", \""display_string\"": \""None1.59\"", \""decimal_places\"": 2, \""sign\"": null, \""symbol\"": null}, \""non_discount_price_per_unit\"": {\""unit_amount\"": 0, \""currency\"": \""USD\"", \""display_string\"": \""None0.00\"", \""decimal_places\"": 2, \""sign\"": null, \""symbol\"": null}, \""non_discount_item_price\"": {\""unit_amount\"": 0, \""currency\"": \""USD\"", \""display_string\"": \""None0.00\"", \""decimal_places\"": 2, \""sign\"": null, \""symbol\"": null}, \""sold_by_weight\"": false, \""confidence_score\"": 1.0}, {\""merchant_supplied_id\"": \""031880486\"", \""display_name\"": \""Heirloom Tomatoes (bag)\"", \""ocr_description\"": \""TOMATO-HEIRLOOM\"", \""quantity\"": {\""value\"": 4.0}, \""price_per_unit\"": {\""unit_amount\"": 399, \""currency\"": \""USD\"", \""display_string\"": \""None3.99\"", \""decimal_places\"": 2, \""sign\"": null, \""symbol\"": null}, \""item_price\"": {\""unit_amount\"": 1596, \""currency\"": \""USD\"", \""display_string\"": \""None15.96\"", \""decimal_places\"": 2, \""sign\"": null, \""symbol\"": null}, \""non_discount_price_per_unit\"": {\""unit_amount\"": 0, \""currency\"": \""USD\"", \""display_string\"": \""None0.00\"", \""decimal_places\"": 2, \""sign\"": null, \""symbol\"": null}, \""non_discount_item_price\"": {\""unit_amount\"": 0, \""currency\"": \""USD\"", \""display_string\"": \""None0.00\"", \""decimal_places\"": 2, \""sign\"": null, \""symbol\"": null}, \""sold_by_weight\"": true, \""confidence_score\"": 1.0}]""
  },
  {
    ""key"": ""bag_fee_info"",
    ""value"": ""{\""quantity\"": {\""value\"": 1.0}, \""price_per_unit\"": {\""unit_amount\"": 10, \""currency\"": \""USD\"", \""display_string\"": \""None0.10\"", \""decimal_places\"": 2, \""sign\"": null, \""symbol\"": null}, \""item_price\"": {\""unit_amount\"": 10, \""currency\"": \""USD\"", \""display_string\"": \""None0.10\"", \""decimal_places\"": 2, \""sign\"": null, \""symbol\"": null}, \""confidence_score\"": 1.0}""
  },
  {
    ""key"": ""blink_items_df"",
    ""value"": ""{\""ocr_description\"": {\""0\"": \""TIPPY TOES WTR\"", \""1\"": \""CA REDEMP VA\"", \""2\"": \""TOMATO-HEIRLOOM\"", \""3\"": \""POLY REUSABLE BAG\"", \""4\"": \""discount_cents\"", \""5\"": \""subtotal_cents\"", \""6\"": \""total_tax_cents\"", \""7\"": \""total_cents\""}, \""quantity\"": {\""0\"": 1.0, \""1\"": 1.0, \""2\"": 4.0, \""3\"": 1.0, \""4\"": NaN, \""5\"": NaN, \""6\"": NaN, \""7\"": NaN}, \""price_per_unit_cents\"": {\""0\"": 159.0, \""1\"": 10.0, \""2\"": 399.0, \""3\"": 10.0, \""4\"": NaN, \""5\"": NaN, \""6\"": NaN, \""7\"": NaN}, \""item_price_cents\"": {\""0\"": 159, \""1\"": 10, \""2\"": 1596, \""3\"": 10, \""4\"": 0, \""5\"": 1775, \""6\"": 0, \""7\"": 1775}}""
  },
  {
    ""key"": ""input_swipe_amount"",
    ""value"": ""1775""
  },
  {
    ""key"": ""is_legible"",
    ""value"": ""true""
  },
  {
    ""key"": ""input_item_info"",
    ""value"": ""[{\""merchant_supplied_id\"": \""031880486\"", \""display_name\"": \""Heirloom Tomatoes (bag)\"", \""scanned_barcode\"": null}, {\""merchant_supplied_id\"": \""011187536\"", \""display_name\"": \""Topcare Tippy Toes Purified Water for Baby (1 gal)\"", \""scanned_barcode\"": {\""code\"": \""036800294202\"", \""format\"": \""UPCA\""}}]""
  },
  {
    ""key"": ""url"",
    ""value"": ""\""https://img.cdn4dd.com/cdn-cgi/image/format=auto/https://doordash-static.s3.amazonaws.com/media/photosV2/49ba292e-6d14-494b-9ee3-091a5362ea0a-retina-large.jpeg\""""
  },
  {
    ""key"": ""sanity_checks"",
    ""value"": ""{\""swipe_match\"": true, \""subtotal_match\"": true, \""tax_match\"": true, \""items_length_match\"": true, \""ok_ocr_name_deduping\"": true, \""item_price_reasonableness\"": true, \""weights_look_ok\"": true, \""bag_fee_max_price\"": true, \""bottle_fee_max_price\"": true, \""bag_fee_max_count\"": true, \""bottle_fee_max_count\"": true, \""tax_vs_subtotal_sanity_check\"": true, \""has_no_unknown_items\"": true, \""has_no_missing_items\"": true, \""delivery_discounts_are_nonzero\"": true}""
  },
  {
    ""key"": ""bottle_fee_info"",
    ""value"": ""{\""quantity\"": {\""value\"": 1.0}, \""price_per_unit\"": {\""unit_amount\"": 10, \""currency\"": \""USD\"", \""display_string\"": \""None0.10\"", \""decimal_places\"": 2, \""sign\"": null, \""symbol\"": null}, \""item_price\"": {\""unit_amount\"": 10, \""currency\"": \""USD\"", \""display_string\"": \""None0.10\"", \""decimal_places\"": 2, \""sign\"": null, \""symbol\"": null}, \""confidence_score\"": 1.0}""
  },
  {
    ""key"": ""delivery_uuid"",
    ""value"": ""\""7094d756-3c34-3001-b68f-d48981105042\""""
  },
  {
    ""key"": ""missing_item_info"",
    ""value"": ""[]""
  },
  {
    ""key"": ""tax_amount"",
    ""value"": ""{\""money\"": {\""unit_amount\"": 0, \""currency\"": \""USD\"", \""display_string\"": \""None0.00\"", \""decimal_places\"": 2, \""sign\"": null, \""symbol\"": null}, \""confidence_score\"": 1.0}""
  },
  {
    ""key"": ""confidence_score"",
    ""value"": ""1.0""
  },
  {
    ""key"": ""raw_blink_receipt"",
    ""value"": ""{\""banner_id\"": 65, \""barcode\"": \""6290150010977109082024\"", \""cardTypeFromAID\"": true, \""cashier\"": {\""confidence\"": 99.96656036376953, \""value\"": \""4232816\""}, \""channel\"": {\""confidence\"": 100, \""value\"": \""Food\""}, \""date\"": {\""confidence\"": 99.99351501464844, \""value\"": \""09/08/2024\""}, \""isDigital\"": false, \""isFraudulent\"": false, \""is_blurry\"": false, \""is_instacart_shopper\"": false, \""is_receipt\"": true, \""is_screen\"": false, \""item_confidence\"": 100, \""last4cc\"": {\""confidence\"": 99.96388244628906, \""value\"": \""0618\""}, \""merchant_confidence\"": 100, \""merchant_name\"": \""Stater Bros\"", \""ocr_confidence\"": 99.64664459228516, \""paymentMethods\"": [{\""amount\"": {\""confidence\"": 0, \""value\"": 17.75}, \""cardType\"": {\""confidence\"": 100, \""value\"": \""Mastercard\""}, \""method\"": {\""confidence\"": 99.9893569946289, \""value\"": \""Credit\""}}], \""phones\"": [{\""confidence\"": 99.99066925048828, \""value\"": \""760-754-3770\""}], \""products\"": [{\""line\"": 1010, \""price\"": {\""confidence\"": 99.98922729492188, \""value\"": 1.59}, \""price_postfix\"": \""F\"", \""qty\"": {\""confidence\"": 0, \""value\"": 1}, \""rsd\"": {\""confidence\"": 99.98650360107422, \""original_case_value\"": \""TIPPY TOES WTR\"", \""value\"": \""TIPPY TOES WTR\""}, \""totalPrice\"": {\""confidence\"": 0, \""value\"": 1.59}}, {\""line\"": 1011, \""price\"": {\""confidence\"": 99.98796844482422, \""value\"": 0.1}, \""price_postfix\"": \""F\"", \""qty\"": {\""confidence\"": 0, \""value\"": 1}, \""rsd\"": {\""confidence\"": 99.98626708984375, \""original_case_value\"": \""CA REDEMP VA\"", \""value\"": \""CA REDEMP VA\""}, \""totalPrice\"": {\""confidence\"": 0, \""value\"": 0.1}}, {\""infoLines\"": [{\""line\"": 1013, \""text\"": {\""confidence\"": 100, \""value\"": \""2.14 lb @ 3.99/ lb\""}, \""type\"": {\""confidence\"": 100, \""value\"": \""Weight\""}}], \""line\"": 1012, \""price\"": {\""confidence\"": 0, \""value\"": 3.99}, \""price_postfix\"": \""F\"", \""qty\"": {\""confidence\"": 0, \""value\"": 2.14}, \""rsd\"": {\""confidence\"": 100, \""original_case_value\"": \""TOMATO HEIRLOO\"", \""value\"": \""TOMATO-HEIRLOOM\""}, \""totalPrice\"": {\""confidence\"": 0, \""value\"": 8.54}, \""uom\"": {\""confidence\"": 0, \""value\"": \""LB\""}}, {\""infoLines\"": [{\""line\"": 1015, \""text\"": {\""confidence\"": 100, \""value\"": \""0.93 lb @ 3.99/ lb\""}, \""type\"": {\""confidence\"": 100, \""value\"": \""Weight\""}}], \""line\"": 1014, \""price\"": {\""confidence\"": 0, \""value\"": 3.99}, \""price_postfix\"": \""F\"", \""qty\"": {\""confidence\"": 0, \""value\"": 0.93}, \""rsd\"": {\""confidence\"": 100, \""original_case_value\"": \""TOMATO HEIRLOO\"", \""value\"": \""TOMATO-HEIRLOOM\""}, \""totalPrice\"": {\""confidence\"": 0, \""value\"": 3.71}, \""uom\"": {\""confidence\"": 0, \""value\"": \""LB\""}}, {\""infoLines\"": [{\""line\"": 1017, \""text\"": {\""confidence\"": 100, \""value\"": \""0.93 lb @ 3.99/ lb\""}, \""type\"": {\""confidence\"": 100, \""value\"": \""Weight\""}}], \""line\"": 1016, \""price\"": {\""confidence\"": 0, \""value\"": 3.99}, \""price_postfix\"": \""F\"", \""qty\"": {\""confidence\"": 0, \""value\"": 0.93}, \""rsd\"": {\""confidence\"": 100, \""original_case_value\"": \""TOMATO HEIRLOO\"", \""value\"": \""TOMATO-HEIRLOOM\""}, \""totalPrice\"": {\""confidence\"": 0, \""value\"": 3.71}, \""uom\"": {\""confidence\"": 0, \""value\"": \""LB\""}}, {\""line\"": 1018, \""price\"": {\""confidence\"": 99.9709243774414, \""value\"": 0.1}, \""qty\"": {\""confidence\"": 0, \""value\"": 1}, \""rsd\"": {\""confidence\"": 99.98435974121094, \""original_case_value\"": \""POLY REUSABLE BAG\"", \""value\"": \""POLY REUSABLE BAG\""}, \""totalPrice\"": {\""confidence\"": 0, \""value\"": 0.1}}], \""purchase_type\"": \""In-Store\"", \""raw_basket\"": \""TIPPY TOES WTR $1.59 F\\nCA REDEMP VA $0.10 F\\nTOMATO HEIRLOO $8.54 F\\n2.14 lb @ 3.99/ lb\\nTOMATO HEIRLOO $3.71 F\\n0.93 lb @ 3.99/ lb\\nTOMATO HEIRLOO $3.71 F\\n0.93 lb @ 3.99/ lb\\nPOLY REUSABLE BAG $0.10\\n\"", \""raw_text_array\"": [\""k t\\nStore #150\\n3770 Mission Ave.\\nOceanside\\nCA 92054\\n760 754-3770\\nStore Manager: Joel Nunez\\n\\nCashier: Kennedy\\n\\nTIPPY TOES WTR $1.59 F\\nCA REDEMP VA $0.10 F\\nTOMATO HEIRLOO $8.54 F\\n2.14 lb @ 3.99/ lb\\nTOMATO HEIRLOO $3.71 F\\n0.93 lb @ 3.99/ lb\\nTOMATO HEIRLOO $3.71 F\\n0.93 lb @ 3.99/ lb\\nPOLY REUSABLE BAG $0.10\\n\\nSubtotal *includes MfrCpns: $17.75\\nTax: $0.00\\nTotal: $17.75\\n\\n\\nPaid:\\nMasterCard $17.75\\nNumber of ITEMS: 5\\n\\n09/08/2024 15:26:01\\nMID: LK388602 TID:\\n101141\\n\\nCREDIT CARD\\n\\nPURCHASE\\n\\nCARD #: XXXXXXXXXXXX0618\\nChip Card: MASTERCARD\\nAID: A0000000041010\\nATC: 0004\\nTSI: 0000 ARC: 532015\\nTC: B9EC9D38D4C80DFD\\nINVOICE: 501000190\\nApproval Code: 532015\\nEntry Method: Cntctless\\nMode: Issuer\\n\\nTotal: USD$ 17.75\\n\\nAPPROVED BY ISSUER\\n\\n\\n\\nSave even more with Digital Deals!\\n*******************************************\\n09/08/2024 Oper# 4232816 Trx# 9771\\n15:26 Term# 10 Store# 150\\n*******************************************\\n6290150010977109082024\\n\\nPlease retain receipt for all refunds.\\nYou can access your Weekly Ad anytime at\\nStaterbros.com\\n\""], \""raw_trip_footer\"": \""Subtotal *includes MfrCpns: $17.75\\nTax: $0.00\\nTotal: $17.75\\nPaid:\\nMasterCard $17.75\\nNumber of ITEMS: 5\\n09/08/2024 15:26:01\\nMID: LK388602 TID:\\n101141\\nCREDIT CARD\\nPURCHASE\\nCARD #: XXXXXXXXXXXX0618\\nChip Card: MASTERCARD\\nAID: A0000000041010\\nATC: 0004\\nTSI: 0000 ARC: 532015\\nTC: B9EC9D38D4C80DFD\\nINVOICE: 501000190\\nApproval Code: 532015\\nEntry Method: Cntctless\\nMode: Issuer\\nTotal: USD$ 17.75\\nAPPROVED BY ISSUER\\nSave even more with Digital Deals!\\n*******************************************\\n09/08/2024 4232816 Trx# 9771\\n15:26 Term# 10 Store# 150\\n*******************************************\\n6290150010977109082024\\nPlease retain receipt for all refunds.\\nYou can access your Weekly Ad anytime at\\nStaterbros.com\\n\"", \""raw_trip_header\"": \""k t\\nStore #150\\n3770 Mission Ave.\\nOceanside\\nCA 92054\\n760 754-3770\\nStore Manager: Joel Nunez\\nCashier: Kennedy\\n\"", \""register\"": {\""confidence\"": 99.96570587158203, \""value\"": \""10\""}, \""store\"": {\""confidence\"": 99.99575805664062, \""value\"": \""150\""}, \""store_city\"": {\""confidence\"": 100, \""value\"": \""Oceanside\""}, \""store_state\"": {\""confidence\"": 100, \""value\"": \""CA\""}, \""store_street\"": {\""confidence\"": 100, \""value\"": \""3770 Mission Ave.\""}, \""store_zip\"": {\""confidence\"": 99.99125671386719, \""value\"": \""92054\""}, \""subtotal\"": {\""confidence\"": 99.98445892333984, \""value\"": 17.75}, \""taxes\"": {\""confidence\"": 99.9899673461914, \""value\"": 0}, \""time\"": {\""confidence\"": 99.99273681640625, \""value\"": \""15:26\""}, \""total\"": {\""confidence\"": 100, \""value\"": 17.75}, \""transaction\"": {\""confidence\"": 99.96656036376953, \""value\"": \""9771\""}, \""trip_confidence\"": 100, \""blink_receipt_id\"": \""fd285b49-5e8c-4e7f-904f-4736d4f0b739\"", \""cashback\"": 0, \""image_urls\"": [\""https://img.cdn4dd.com/cdn-cgi/image/format=auto/https://doordash-static.s3.amazonaws.com/media/photosV2/49ba292e-6d14-494b-9ee3-091a5362ea0a-retina-large.jpeg\""], \""country_code\"": \""US\"", \""api_version\"": 14}""
  }
]"
"[
  {
    ""key"": ""unmatched_item_info"",
    ""value"": ""[]""
  },
  {
    ""key"": ""embedding_matching_df"",
    ""value"": ""{\""AJAY S JERKY\"": {\""Raley's Homestyle Macaroni Salad (1 lb)\"": 0.30813843394332724, \""Raley's Purely Made Organic Boneless Skinless Thin Sliced Chicken Breast Fillets\"": 0.3369191726447953, \""Raley's Grade AA Large Eggs Cage Free (18 ct)\"": 0.24552063687054482, \""English Cucumber\"": 0.23320219307032714, \""Raley's Pesto Pasta Salad (7.2 oz)\"": 0.27665327081890334, \""White Onion (each)\"": 0.22978652867881344, \""Fresh Green Asparagus (bunch)\"": 0.18622100137169512, \""Ajay's Montana Bananas Original Peppered Cowboy Dry Beef Jerky (3.25 oz)\"": 0.7039009919761957, \""Thomas' Original Nooks & Crannies English Muffins (2.16 oz x 6 ct)\"": 0.21910855021489314, \""Green Onions (bunch)\"": 0.18771756507329862, \""Raley's Center Cut Bone-in Loin Pork Chops (pack)\"": 0.31309855617446775, \""Tina's Beef & Bean Green Chili Burrito (4 oz)\"": 0.2768337881713968, \""Nob Hill Grated Parmesan Cheese (5 oz)\"": 0.265538925102707, \""Kerrygold Grass-Fed Salted Pure Irish Butter (8 oz)\"": 0.23160963486333003, \""Raley's Sea Rock Shrimp Ring (10 oz)\"": 0.31793741251081126, \""Bertolli Alfredo Sauce (15 oz)\"": 0.26190292580508023, \""Tree Ripe Peaches\"": 0.23979363768622708, \""Raley's Fajita Beef (pack)\"": 0.43424699413175327, \""Tina's Red Hot Beef Burrito (4 oz)\"": 0.3250721566113637, \""Oberto Original Beef Jerky (2.7 oz)\"": 0.49078280490268, \""Raley's Baby Spinach (5 oz)\"": 0.25163363292501945, \""Jumbo Artichoke\"": 0.2263343157397519, \""Raley's Pork Loin Bone-In Rib Chops Center Cut (pack)\"": 0.3132978962236037, \""Crown Broccoli\"": 0.19885281339108643, \""Jones Dairy Farm Center Cut Hickory Smoked Pork Loin Canadian Bacon (6 oz)\"": 0.3133935442035256, \""Raley's Country Potato Salad (16 oz)\"": 0.314343381857257, \""Bag Fee\"": 0.0, \""Bottle Deposit aka CRV\"": 0.0, \""Unknown Item\"": 0.20305557770288366}, \""BERTOLLI ALFREDO\"": {\""Raley's Homestyle Macaroni Salad (1 lb)\"": 0.35636175054912655, \""Raley's Purely Made Organic Boneless Skinless Thin Sliced Chicken Breast Fillets\"": 0.3342570430454378, \""Raley's Grade AA Large Eggs Cage Free (18 ct)\"": 0.2368773589547326, \""English Cucumber\"": 0.22180126193375782, \""Raley's Pesto Pasta Salad (7.2 oz)\"": 0.4411114116073983, \""White Onion (each)\"": 0.21541058936057522, \""Fresh Green Asparagus (bunch)\"": 0.23995105899915695, \""Ajay's Montana Bananas Original Peppered Cowboy Dry Beef Jerky (3.25 oz)\"": 0.24067278906058875, \""Thomas' Original Nooks & Crannies English Muffins (2.16 oz x 6 ct)\"": 0.24646008040554088, \""Green Onions (bunch)\"": 0.18745923235357206, \""Raley's Center Cut Bone-in Loin Pork Chops (pack)\"": 0.239544572973161, \""Tina's Beef & Bean Green Chili Burrito (4 oz)\"": 0.27925416514853585, \""Nob Hill Grated Parmesan Cheese (5 oz)\"": 0.39074049451698156, \""Kerrygold Grass-Fed Salted Pure Irish Butter (8 oz)\"": 0.2724119932840208, \""Raley's Sea Rock Shrimp Ring (10 oz)\"": 0.29452040339133945, \""Bertolli Alfredo Sauce (15 oz)\"": 0.6829921521050015, \""Tree Ripe Peaches\"": 0.1791415843080321, \""Raley's Fajita Beef (pack)\"": 0.3007877529765543, \""Tina's Red Hot Beef Burrito (4 oz)\"": 0.2866752126585043, \""Oberto Original Beef Jerky (2.7 oz)\"": 0.3131986279564738, \""Raley's Baby Spinach (5 oz)\"": 0.3059762004823655, \""Jumbo Artichoke\"": 0.3352406039193417, \""Raley's Pork Loin Bone-In Rib Chops Center Cut (pack)\"": 0.24561438937364824, \""Crown Broccoli\"": 0.2945426234173993, \""Jones Dairy Farm Center Cut Hickory Smoked Pork Loin Canadian Bacon (6 oz)\"": 0.2283665598053902, \""Raley's Country Potato Salad (16 oz)\"": 0.3099311921602353, \""Bag Fee\"": 0.0, \""Bottle Deposit aka CRV\"": 0.0, \""Unknown Item\"": 0.12834102343598708}, \""KERRYGOLD SLT BTTR\"": {\""Raley's Homestyle Macaroni Salad (1 lb)\"": 0.2889928287524374, \""Raley's Purely Made Organic Boneless Skinless Thin Sliced Chicken Breast Fillets\"": 0.30314971380072014, \""Raley's Grade AA Large Eggs Cage Free (18 ct)\"": 0.2898511455233042, \""English Cucumber\"": 0.31008346841466544, \""Raley's Pesto Pasta Salad (7.2 oz)\"": 0.2806965009386505, \""White Onion (each)\"": 0.29337450157063377, \""Fresh Green Asparagus (bunch)\"": 0.2816859546832577, \""Ajay's Montana Bananas Original Peppered Cowboy Dry Beef Jerky (3.25 oz)\"": 0.258422534251995, \""Thomas' Original Nooks & Crannies English Muffins (2.16 oz x 6 ct)\"": 0.3134464351848795, \""Green Onions (bunch)\"": 0.2857949896157838, \""Raley's Center Cut Bone-in Loin Pork Chops (pack)\"": 0.2707112442954975, \""Tina's Beef & Bean Green Chili Burrito (4 oz)\"": 0.25460224568853157, \""Nob Hill Grated Parmesan Cheese (5 oz)\"": 0.3413696986913703, \""Kerrygold Grass-Fed Salted Pure Irish Butter (8 oz)\"": 0.6357465214035569, \""Raley's Sea Rock Shrimp Ring (10 oz)\"": 0.25757224913295257, \""Bertolli Alfredo Sauce (15 oz)\"": 0.35423268552156395, \""Tree Ripe Peaches\"": 0.2491174342446743, \""Raley's Fajita Beef (pack)\"": 0.28457671486778047, \""Tina's Red Hot Beef Burrito (4 oz)\"": 0.25076386375654697, \""Oberto Original Beef Jerky (2.7 oz)\"": 0.27292091184797357, \""Raley's Baby Spinach (5 oz)\"": 0.2840161309885723, \""Jumbo Artichoke\"": 0.2579358169651749, \""Raley's Pork Loin Bone-In Rib Chops Center Cut (pack)\"": 0.27081528077623357, \""Crown Broccoli\"": 0.2989981123206859, \""Jones Dairy Farm Center Cut Hickory Smoked Pork Loin Canadian Bacon (6 oz)\"": 0.3017864869525477, \""Raley's Country Potato Salad (16 oz)\"": 0.32547793679557696, \""Bag Fee\"": 0.0, \""Bottle Deposit aka CRV\"": 0.0, \""Unknown Item\"": 0.20607646591071097}, \""OBERTO NATURAL STY\"": {\""Raley's Homestyle Macaroni Salad (1 lb)\"": 0.20508960211050084, \""Raley's Purely Made Organic Boneless Skinless Thin Sliced Chicken Breast Fillets\"": 0.24955154724950127, \""Raley's Grade AA Large Eggs Cage Free (18 ct)\"": 0.20196654584321255, \""English Cucumber\"": 0.17510928696422615, \""Raley's Pesto Pasta Salad (7.2 oz)\"": 0.21813806198456645, \""White Onion (each)\"": 0.18267568878609336, \""Fresh Green Asparagus (bunch)\"": 0.20514934815338692, \""Ajay's Montana Bananas Original Peppered Cowboy Dry Beef Jerky (3.25 oz)\"": 0.2360766781798095, \""Thomas' Original Nooks & Crannies English Muffins (2.16 oz x 6 ct)\"": 0.16466152072808712, \""Green Onions (bunch)\"": 0.19588702707048616, \""Raley's Center Cut Bone-in Loin Pork Chops (pack)\"": 0.2200333319140281, \""Tina's Beef & Bean Green Chili Burrito (4 oz)\"": 0.20540504732629392, \""Nob Hill Grated Parmesan Cheese (5 oz)\"": 0.23492953866139737, \""Kerrygold Grass-Fed Salted Pure Irish Butter (8 oz)\"": 0.17641799980087775, \""Raley's Sea Rock Shrimp Ring (10 oz)\"": 0.21954000939128643, \""Bertolli Alfredo Sauce (15 oz)\"": 0.273561057315946, \""Tree Ripe Peaches\"": 0.2285380149006253, \""Raley's Fajita Beef (pack)\"": 0.2551871242045812, \""Tina's Red Hot Beef Burrito (4 oz)\"": 0.21407662890796564, \""Oberto Original Beef Jerky (2.7 oz)\"": 0.3400939807237852, \""Raley's Baby Spinach (5 oz)\"": 0.21552949748920558, \""Jumbo Artichoke\"": 0.24362114252491532, \""Raley's Pork Loin Bone-In Rib Chops Center Cut (pack)\"": 0.23623564513750434, \""Crown Broccoli\"": 0.24652467107309345, \""Jones Dairy Farm Center Cut Hickory Smoked Pork Loin Canadian Bacon (6 oz)\"": 0.20421568425338885, \""Raley's Country Potato Salad (16 oz)\"": 0.18691696345771674, \""Bag Fee\"": 0.0, \""Bottle Deposit aka CRV\"": 0.0, \""Unknown Item\"": 0.16549560359750892}, \""RALEY S LG AA CG F\"": {\""Raley's Homestyle Macaroni Salad (1 lb)\"": 0.35236965624840155, \""Raley's Purely Made Organic Boneless Skinless Thin Sliced Chicken Breast Fillets\"": 0.3515054533669947, \""Raley's Grade AA Large Eggs Cage Free (18 ct)\"": 0.4072186334182329, \""English Cucumber\"": 0.19560290055422364, \""Raley's Pesto Pasta Salad (7.2 oz)\"": 0.3212896228988631, \""White Onion (each)\"": 0.15163783725933075, \""Fresh Green Asparagus (bunch)\"": 0.18118756189211793, \""Ajay's Montana Bananas Original Peppered Cowboy Dry Beef Jerky (3.25 oz)\"": 0.24398483484235678, \""Thomas' Original Nooks & Crannies English Muffins (2.16 oz x 6 ct)\"": 0.11206012910682218, \""Green Onions (bunch)\"": 0.14568700430171685, \""Raley's Center Cut Bone-in Loin Pork Chops (pack)\"": 0.3521898071637416, \""Tina's Beef & Bean Green Chili Burrito (4 oz)\"": 0.15960790279062534, \""Nob Hill Grated Parmesan Cheese (5 oz)\"": 0.1691273411742029, \""Kerrygold Grass-Fed Salted Pure Irish Butter (8 oz)\"": 0.1436128905802125, \""Raley's Sea Rock Shrimp Ring (10 oz)\"": 0.3044619599621117, \""Bertolli Alfredo Sauce (15 oz)\"": 0.17430923475667431, \""Tree Ripe Peaches\"": 0.2300338605641103, \""Raley's Fajita Beef (pack)\"": 0.42134967654166433, \""Tina's Red Hot Beef Burrito (4 oz)\"": 0.1576575975424294, \""Oberto Original Beef Jerky (2.7 oz)\"": 0.1673698475854271, \""Raley's Baby Spinach (5 oz)\"": 0.3356043959319586, \""Jumbo Artichoke\"": 0.183578053347387, \""Raley's Pork Loin Bone-In Rib Chops Center Cut (pack)\"": 0.3600260755308009, \""Crown Broccoli\"": 0.20393999868003584, \""Jones Dairy Farm Center Cut Hickory Smoked Pork Loin Canadian Bacon (6 oz)\"": 0.1736994663297866, \""Raley's Country Potato Salad (16 oz)\"": 0.3571266403516533, \""Bag Fee\"": 0.0, \""Bottle Deposit aka CRV\"": 0.0, \""Unknown Item\"": 0.19951144451825273}, \""THOMAS ENG MUFFIN\"": {\""Raley's Homestyle Macaroni Salad (1 lb)\"": 0.18419002734067452, \""Raley's Purely Made Organic Boneless Skinless Thin Sliced Chicken Breast Fillets\"": 0.15653481866281974, \""Raley's Grade AA Large Eggs Cage Free (18 ct)\"": 0.1686617719145103, \""English Cucumber\"": 0.33113958547786637, \""Raley's Pesto Pasta Salad (7.2 oz)\"": 0.1574887372225848, \""White Onion (each)\"": 0.19502541557197903, \""Fresh Green Asparagus (bunch)\"": 0.17879842019190678, \""Ajay's Montana Bananas Original Peppered Cowboy Dry Beef Jerky (3.25 oz)\"": 0.17840222951328455, \""Thomas' Original Nooks & Crannies English Muffins (2.16 oz x 6 ct)\"": 0.5602903123739426, \""Green Onions (bunch)\"": 0.19105543397512728, \""Raley's Center Cut Bone-in Loin Pork Chops (pack)\"": 0.14736284011769465, \""Tina's Beef & Bean Green Chili Burrito (4 oz)\"": 0.22890549483538494, \""Nob Hill Grated Parmesan Cheese (5 oz)\"": 0.1485604680353992, \""Kerrygold Grass-Fed Salted Pure Irish Butter (8 oz)\"": 0.16759857220068097, \""Raley's Sea Rock Shrimp Ring (10 oz)\"": 0.16684618838367868, \""Bertolli Alfredo Sauce (15 oz)\"": 0.19091425258157257, \""Tree Ripe Peaches\"": 0.22934658074957082, \""Raley's Fajita Beef (pack)\"": 0.12223894476236194, \""Tina's Red Hot Beef Burrito (4 oz)\"": 0.23060332389085683, \""Oberto Original Beef Jerky (2.7 oz)\"": 0.14649013307831976, \""Raley's Baby Spinach (5 oz)\"": 0.15065233386531415, \""Jumbo Artichoke\"": 0.22814571013632176, \""Raley's Pork Loin Bone-In Rib Chops Center Cut (pack)\"": 0.13864448054735937, \""Crown Broccoli\"": 0.19927952521173223, \""Jones Dairy Farm Center Cut Hickory Smoked Pork Loin Canadian Bacon (6 oz)\"": 0.20838207786626728, \""Raley's Country Potato Salad (16 oz)\"": 0.16134445029156005, \""Bag Fee\"": 0.0, \""Bottle Deposit aka CRV\"": 0.0, \""Unknown Item\"": 0.20319667295440738}, \""TINAS BF & BEAN BR\"": {\""Raley's Homestyle Macaroni Salad (1 lb)\"": 0.21592716125583453, \""Raley's Purely Made Organic Boneless Skinless Thin Sliced Chicken Breast Fillets\"": 0.23447066235655994, \""Raley's Grade AA Large Eggs Cage Free (18 ct)\"": 0.1939544738979597, \""English Cucumber\"": 0.2122041302985805, \""Raley's Pesto Pasta Salad (7.2 oz)\"": 0.21457978933338426, \""White Onion (each)\"": 0.22344480863903407, \""Fresh Green Asparagus (bunch)\"": 0.23658789725683155, \""Ajay's Montana Bananas Original Peppered Cowboy Dry Beef Jerky (3.25 oz)\"": 0.22764162180292355, \""Thomas' Original Nooks & Crannies English Muffins (2.16 oz x 6 ct)\"": 0.24900515571991033, \""Green Onions (bunch)\"": 0.21534074077490686, \""Raley's Center Cut Bone-in Loin Pork Chops (pack)\"": 0.21597482278095587, \""Tina's Beef & Bean Green Chili Burrito (4 oz)\"": 0.5046496445953906, \""Nob Hill Grated Parmesan Cheese (5 oz)\"": 0.20713943354019382, \""Kerrygold Grass-Fed Salted Pure Irish Butter (8 oz)\"": 0.16247729354428075, \""Raley's Sea Rock Shrimp Ring (10 oz)\"": 0.204382676631908, \""Bertolli Alfredo Sauce (15 oz)\"": 0.26275688839368266, \""Tree Ripe Peaches\"": 0.2353955084770696, \""Raley's Fajita Beef (pack)\"": 0.3222234563229173, \""Tina's Red Hot Beef Burrito (4 oz)\"": 0.44484715714090495, \""Oberto Original Beef Jerky (2.7 oz)\"": 0.23388468352628172, \""Raley's Baby Spinach (5 oz)\"": 0.250689136841004, \""Jumbo Artichoke\"": 0.24404780640647428, \""Raley's Pork Loin Bone-In Rib Chops Center Cut (pack)\"": 0.2057258327122097, \""Crown Broccoli\"": 0.26638230335963237, \""Jones Dairy Farm Center Cut Hickory Smoked Pork Loin Canadian Bacon (6 oz)\"": 0.21651690966280457, \""Raley's Country Potato Salad (16 oz)\"": 0.23720688587203578, \""Bag Fee\"": 0.30189562088443234, \""Bottle Deposit aka CRV\"": 0.1939085601247435, \""Unknown Item\"": 0.10592554585981259}, \""TINAS HOT BEEF BUR\"": {\""Raley's Homestyle Macaroni Salad (1 lb)\"": 0.23945601935407357, \""Raley's Purely Made Organic Boneless Skinless Thin Sliced Chicken Breast Fillets\"": 0.2631562623884449, \""Raley's Grade AA Large Eggs Cage Free (18 ct)\"": 0.20922674473771688, \""English Cucumber\"": 0.23682099603588286, \""Raley's Pesto Pasta Salad (7.2 oz)\"": 0.23191840442086922, \""White Onion (each)\"": 0.2807173357812526, \""Fresh Green Asparagus (bunch)\"": 0.2191082968008593, \""Ajay's Montana Bananas Original Peppered Cowboy Dry Beef Jerky (3.25 oz)\"": 0.32319239553576307, \""Thomas' Original Nooks & Crannies English Muffins (2.16 oz x 6 ct)\"": 0.23537014546510565, \""Green Onions (bunch)\"": 0.26154824929874465, \""Raley's Center Cut Bone-in Loin Pork Chops (pack)\"": 0.2697981709424828, \""Tina's Beef & Bean Green Chili Burrito (4 oz)\"": 0.6290203614482923, \""Nob Hill Grated Parmesan Cheese (5 oz)\"": 0.2775737600014505, \""Kerrygold Grass-Fed Salted Pure Irish Butter (8 oz)\"": 0.2099721329136659, \""Raley's Sea Rock Shrimp Ring (10 oz)\"": 0.25546351946080437, \""Bertolli Alfredo Sauce (15 oz)\"": 0.2731654554838048, \""Tree Ripe Peaches\"": 0.23045806348008976, \""Raley's Fajita Beef (pack)\"": 0.4251122822420644, \""Tina's Red Hot Beef Burrito (4 oz)\"": 0.6986929516568167, \""Oberto Original Beef Jerky (2.7 oz)\"": 0.3415642944658515, \""Raley's Baby Spinach (5 oz)\"": 0.2443619440318309, \""Jumbo Artichoke\"": 0.24289741268069237, \""Raley's Pork Loin Bone-In Rib Chops Center Cut (pack)\"": 0.26833254588680394, \""Crown Broccoli\"": 0.25491098841334936, \""Jones Dairy Farm Center Cut Hickory Smoked Pork Loin Canadian Bacon (6 oz)\"": 0.28832578733369485, \""Raley's Country Potato Salad (16 oz)\"": 0.2468591575825324, \""Bag Fee\"": 0.26548511987566403, \""Bottle Deposit aka CRV\"": 0.1411782575311735, \""Unknown Item\"": 0.07035497575052965}, \""BEEF FOR STIR FRY/\"": {\""Raley's Homestyle Macaroni Salad (1 lb)\"": 0.2594387522655063, \""Raley's Purely Made Organic Boneless Skinless Thin Sliced Chicken Breast Fillets\"": 0.33030076206092013, \""Raley's Grade AA Large Eggs Cage Free (18 ct)\"": 0.21850569802955927, \""English Cucumber\"": 0.2950087491085277, \""Raley's Pesto Pasta Salad (7.2 oz)\"": 0.2690527104172809, \""White Onion (each)\"": 0.3317972475449484, \""Fresh Green Asparagus (bunch)\"": 0.3481984210007095, \""Ajay's Montana Bananas Original Peppered Cowboy Dry Beef Jerky (3.25 oz)\"": 0.3161309724358186, \""Thomas' Original Nooks & Crannies English Muffins (2.16 oz x 6 ct)\"": 0.177307281888722, \""Green Onions (bunch)\"": 0.33701002479927894, \""Raley's Center Cut Bone-in Loin Pork Chops (pack)\"": 0.3387753469297245, \""Tina's Beef & Bean Green Chili Burrito (4 oz)\"": 0.36788861252999727, \""Nob Hill Grated Parmesan Cheese (5 oz)\"": 0.2538282726489343, \""Kerrygold Grass-Fed Salted Pure Irish Butter (8 oz)\"": 0.2801127443609544, \""Raley's Sea Rock Shrimp Ring (10 oz)\"": 0.28278824848033485, \""Bertolli Alfredo Sauce (15 oz)\"": 0.28615280355994616, \""Tree Ripe Peaches\"": 0.21467583189249226, \""Raley's Fajita Beef (pack)\"": 0.4772660813086501, \""Tina's Red Hot Beef Burrito (4 oz)\"": 0.3871036517729802, \""Oberto Original Beef Jerky (2.7 oz)\"": 0.3573105278572178, \""Raley's Baby Spinach (5 oz)\"": 0.2852274920278056, \""Jumbo Artichoke\"": 0.23766398141242165, \""Raley's Pork Loin Bone-In Rib Chops Center Cut (pack)\"": 0.34227434577835286, \""Crown Broccoli\"": 0.3396402474472176, \""Jones Dairy Farm Center Cut Hickory Smoked Pork Loin Canadian Bacon (6 oz)\"": 0.29756824844374336, \""Raley's Country Potato Salad (16 oz)\"": 0.24985122655068198, \""Bag Fee\"": 0.0, \""Bottle Deposit aka CRV\"": 0.0, \""Unknown Item\"": 0.15941835861920467}, \""PORK LOIN CNTR CHP\"": {\""Raley's Homestyle Macaroni Salad (1 lb)\"": 0.3299217355744084, \""Raley's Purely Made Organic Boneless Skinless Thin Sliced Chicken Breast Fillets\"": 0.4351285191599933, \""Raley's Grade AA Large Eggs Cage Free (18 ct)\"": 0.29555909330500996, \""English Cucumber\"": 0.25974852941417426, \""Raley's Pesto Pasta Salad (7.2 oz)\"": 0.32088797840204275, \""White Onion (each)\"": 0.34539939553986354, \""Fresh Green Asparagus (bunch)\"": 0.28729317500706386, \""Ajay's Montana Bananas Original Peppered Cowboy Dry Beef Jerky (3.25 oz)\"": 0.26125687804425257, \""Thomas' Original Nooks & Crannies English Muffins (2.16 oz x 6 ct)\"": 0.2350013309718642, \""Green Onions (bunch)\"": 0.2703605792754653, \""Raley's Center Cut Bone-in Loin Pork Chops (pack)\"": 0.6457680584582464, \""Tina's Beef & Bean Green Chili Burrito (4 oz)\"": 0.3199314757955958, \""Nob Hill Grated Parmesan Cheese (5 oz)\"": 0.3160556979748107, \""Kerrygold Grass-Fed Salted Pure Irish Butter (8 oz)\"": 0.28724453015433316, \""Raley's Sea Rock Shrimp Ring (10 oz)\"": 0.30741127804888035, \""Bertolli Alfredo Sauce (15 oz)\"": 0.2853358908679487, \""Tree Ripe Peaches\"": 0.2660410636935839, \""Raley's Fajita Beef (pack)\"": 0.4108448808554707, \""Tina's Red Hot Beef Burrito (4 oz)\"": 0.31911546410114394, \""Oberto Original Beef Jerky (2.7 oz)\"": 0.31490317499695775, \""Raley's Baby Spinach (5 oz)\"": 0.32247236217314895, \""Jumbo Artichoke\"": 0.26926249071085134, \""Raley's Pork Loin Bone-In Rib Chops Center Cut (pack)\"": 0.6503929366869472, \""Crown Broccoli\"": 0.32843462259634226, \""Jones Dairy Farm Center Cut Hickory Smoked Pork Loin Canadian Bacon (6 oz)\"": 0.5652086540803256, \""Raley's Country Potato Salad (16 oz)\"": 0.3285703048561959, \""Bag Fee\"": 0.0, \""Bottle Deposit aka CRV\"": 0.0, \""Unknown Item\"": 0.21963190124682933}, \""PORK LOIN RIB CHPS\"": {\""Raley's Homestyle Macaroni Salad (1 lb)\"": 0.33041730772338435, \""Raley's Purely Made Organic Boneless Skinless Thin Sliced Chicken Breast Fillets\"": 0.42556415033175476, \""Raley's Grade AA Large Eggs Cage Free (18 ct)\"": 0.29341345973685273, \""English Cucumber\"": 0.23034061975293552, \""Raley's Pesto Pasta Salad (7.2 oz)\"": 0.3130291734238225, \""White Onion (each)\"": 0.3154262714791667, \""Fresh Green Asparagus (bunch)\"": 0.28479947881217815, \""Ajay's Montana Bananas Original Peppered Cowboy Dry Beef Jerky (3.25 oz)\"": 0.24278283445487198, \""Thomas' Original Nooks & Crannies English Muffins (2.16 oz x 6 ct)\"": 0.22253865903442016, \""Green Onions (bunch)\"": 0.2758807752953559, \""Raley's Center Cut Bone-in Loin Pork Chops (pack)\"": 0.6210609115681041, \""Tina's Beef & Bean Green Chili Burrito (4 oz)\"": 0.26760484466118933, \""Nob Hill Grated Parmesan Cheese (5 oz)\"": 0.3030486181099682, \""Kerrygold Grass-Fed Salted Pure Irish Butter (8 oz)\"": 0.2615054352211596, \""Raley's Sea Rock Shrimp Ring (10 oz)\"": 0.3069472442958042, \""Bertolli Alfredo Sauce (15 oz)\"": 0.2775142129768851, \""Tree Ripe Peaches\"": 0.28761019711590097, \""Raley's Fajita Beef (pack)\"": 0.40208617365252697, \""Tina's Red Hot Beef Burrito (4 oz)\"": 0.2663578418681974, \""Oberto Original Beef Jerky (2.7 oz)\"": 0.29411363546568664, \""Raley's Baby Spinach (5 oz)\"": 0.33458151471695535, \""Jumbo Artichoke\"": 0.23362894344562216, \""Raley's Pork Loin Bone-In Rib Chops Center Cut (pack)\"": 0.6652314587050016, \""Crown Broccoli\"": 0.29976366585748115, \""Jones Dairy Farm Center Cut Hickory Smoked Pork Loin Canadian Bacon (6 oz)\"": 0.4780302198371754, \""Raley's Country Potato Salad (16 oz)\"": 0.32858200423796124, \""Bag Fee\"": 0.0, \""Bottle Deposit aka CRV\"": 0.0, \""Unknown Item\"": 0.1945509238061986}, \""RALEYS ORG THIN BN\"": {\""Raley's Homestyle Macaroni Salad (1 lb)\"": 0.4789820026551643, \""Raley's Purely Made Organic Boneless Skinless Thin Sliced Chicken Breast Fillets\"": 0.6109826327136041, \""Raley's Grade AA Large Eggs Cage Free (18 ct)\"": 0.4766728547072033, \""English Cucumber\"": 0.3098660326153299, \""Raley's Pesto Pasta Salad (7.2 oz)\"": 0.4786300800556753, \""White Onion (each)\"": 0.36186610425901583, \""Fresh Green Asparagus (bunch)\"": 0.36296560882215945, \""Ajay's Montana Bananas Original Peppered Cowboy Dry Beef Jerky (3.25 oz)\"": 0.3552902824482922, \""Thomas' Original Nooks & Crannies English Muffins (2.16 oz x 6 ct)\"": 0.341729785347221, \""Green Onions (bunch)\"": 0.3625270831513463, \""Raley's Center Cut Bone-in Loin Pork Chops (pack)\"": 0.5107936723354203, \""Tina's Beef & Bean Green Chili Burrito (4 oz)\"": 0.29398633712875555, \""Nob Hill Grated Parmesan Cheese (5 oz)\"": 0.37805321605380937, \""Kerrygold Grass-Fed Salted Pure Irish Butter (8 oz)\"": 0.30990991745819446, \""Raley's Sea Rock Shrimp Ring (10 oz)\"": 0.47052189454329046, \""Bertolli Alfredo Sauce (15 oz)\"": 0.3542740754261739, \""Tree Ripe Peaches\"": 0.35709060049515345, \""Raley's Fajita Beef (pack)\"": 0.5356336329288595, \""Tina's Red Hot Beef Burrito (4 oz)\"": 0.29071401284125586, \""Oberto Original Beef Jerky (2.7 oz)\"": 0.35905618003547024, \""Raley's Baby Spinach (5 oz)\"": 0.5259150050271649, \""Jumbo Artichoke\"": 0.3152561763459288, \""Raley's Pork Loin Bone-In Rib Chops Center Cut (pack)\"": 0.5185444185755769, \""Crown Broccoli\"": 0.3459595302959717, \""Jones Dairy Farm Center Cut Hickory Smoked Pork Loin Canadian Bacon (6 oz)\"": 0.3545089936393283, \""Raley's Country Potato Salad (16 oz)\"": 0.4980192479691371, \""Bag Fee\"": 0.0, \""Bottle Deposit aka CRV\"": 0.0, \""Unknown Item\"": 0.23396168719454152}, \""ARTICHOKES JUMBO\"": {\""Raley's Homestyle Macaroni Salad (1 lb)\"": 0.30656176802198787, \""Raley's Purely Made Organic Boneless Skinless Thin Sliced Chicken Breast Fillets\"": 0.3222379248839277, \""Raley's Grade AA Large Eggs Cage Free (18 ct)\"": 0.3203077564582028, \""English Cucumber\"": 0.3352947213538598, \""Raley's Pesto Pasta Salad (7.2 oz)\"": 0.33615364421271393, \""White Onion (each)\"": 0.36264821495092586, \""Fresh Green Asparagus (bunch)\"": 0.41906391587058256, \""Ajay's Montana Bananas Original Peppered Cowboy Dry Beef Jerky (3.25 oz)\"": 0.3000320188246374, \""Thomas' Original Nooks & Crannies English Muffins (2.16 oz x 6 ct)\"": 0.2746366368925428, \""Green Onions (bunch)\"": 0.35740166301359344, \""Raley's Center Cut Bone-in Loin Pork Chops (pack)\"": 0.31073553192953896, \""Tina's Beef & Bean Green Chili Burrito (4 oz)\"": 0.29985773685000777, \""Nob Hill Grated Parmesan Cheese (5 oz)\"": 0.32102597222886814, \""Kerrygold Grass-Fed Salted Pure Irish Butter (8 oz)\"": 0.27959343181478863, \""Raley's Sea Rock Shrimp Ring (10 oz)\"": 0.38943639984277906, \""Bertolli Alfredo Sauce (15 oz)\"": 0.4061225133797455, \""Tree Ripe Peaches\"": 0.2839540259075329, \""Raley's Fajita Beef (pack)\"": 0.31315223339767045, \""Tina's Red Hot Beef Burrito (4 oz)\"": 0.2896214826074647, \""Oberto Original Beef Jerky (2.7 oz)\"": 0.2935671535558669, \""Raley's Baby Spinach (5 oz)\"": 0.35048394234535496, \""Jumbo Artichoke\"": 0.7923637820585497, \""Raley's Pork Loin Bone-In Rib Chops Center Cut (pack)\"": 0.3162211736241022, \""Crown Broccoli\"": 0.44945746845818246, \""Jones Dairy Farm Center Cut Hickory Smoked Pork Loin Canadian Bacon (6 oz)\"": 0.2900966268637628, \""Raley's Country Potato Salad (16 oz)\"": 0.34087120368074963, \""Bag Fee\"": 0.0, \""Bottle Deposit aka CRV\"": 0.0, \""Unknown Item\"": 0.23062115335869762}, \""ASPARAGUS-GREEN\"": {\""Raley's Homestyle Macaroni Salad (1 lb)\"": 0.2507766279952759, \""Raley's Purely Made Organic Boneless Skinless Thin Sliced Chicken Breast Fillets\"": 0.25098660711128823, \""Raley's Grade AA Large Eggs Cage Free (18 ct)\"": 0.22977466954972584, \""English Cucumber\"": 0.3785666895848413, \""Raley's Pesto Pasta Salad (7.2 oz)\"": 0.32772007537296527, \""White Onion (each)\"": 0.32665556808361257, \""Fresh Green Asparagus (bunch)\"": 0.6404546754407452, \""Ajay's Montana Bananas Original Peppered Cowboy Dry Beef Jerky (3.25 oz)\"": 0.19986019975873356, \""Thomas' Original Nooks & Crannies English Muffins (2.16 oz x 6 ct)\"": 0.18101343848943013, \""Green Onions (bunch)\"": 0.41848903152773437, \""Raley's Center Cut Bone-in Loin Pork Chops (pack)\"": 0.22593876305669613, \""Tina's Beef & Bean Green Chili Burrito (4 oz)\"": 0.2716327466094421, \""Nob Hill Grated Parmesan Cheese (5 oz)\"": 0.25115519407967263, \""Kerrygold Grass-Fed Salted Pure Irish Butter (8 oz)\"": 0.24404407982441137, \""Raley's Sea Rock Shrimp Ring (10 oz)\"": 0.27301962123345586, \""Bertolli Alfredo Sauce (15 oz)\"": 0.27862501928686667, \""Tree Ripe Peaches\"": 0.29164987811154075, \""Raley's Fajita Beef (pack)\"": 0.24752563980039655, \""Tina's Red Hot Beef Burrito (4 oz)\"": 0.19626101289795897, \""Oberto Original Beef Jerky (2.7 oz)\"": 0.1902394955361091, \""Raley's Baby Spinach (5 oz)\"": 0.339681413372276, \""Jumbo Artichoke\"": 0.3654540983230988, \""Raley's Pork Loin Bone-In Rib Chops Center Cut (pack)\"": 0.2306142185868632, \""Crown Broccoli\"": 0.4043388662164492, \""Jones Dairy Farm Center Cut Hickory Smoked Pork Loin Canadian Bacon (6 oz)\"": 0.22159729190696711, \""Raley's Country Potato Salad (16 oz)\"": 0.2798627855657792, \""Bag Fee\"": 0.0, \""Bottle Deposit aka CRV\"": 0.0, \""Unknown Item\"": 0.21872956277180763}, \""BROCCOLI CROWNS\"": {\""Raley's Homestyle Macaroni Salad (1 lb)\"": 0.29584301215593856, \""Raley's Purely Made Organic Boneless Skinless Thin Sliced Chicken Breast Fillets\"": 0.3188822772035779, \""Raley's Grade AA Large Eggs Cage Free (18 ct)\"": 0.26874235544869035, \""English Cucumber\"": 0.33075688006368903, \""Raley's Pesto Pasta Salad (7.2 oz)\"": 0.30749343951039004, \""White Onion (each)\"": 0.34930058664714186, \""Fresh Green Asparagus (bunch)\"": 0.4169049009759642, \""Ajay's Montana Bananas Original Peppered Cowboy Dry Beef Jerky (3.25 oz)\"": 0.21994570774176486, \""Thomas' Original Nooks & Crannies English Muffins (2.16 oz x 6 ct)\"": 0.23115614138934223, \""Green Onions (bunch)\"": 0.36940584434873186, \""Raley's Center Cut Bone-in Loin Pork Chops (pack)\"": 0.3044383683277738, \""Tina's Beef & Bean Green Chili Burrito (4 oz)\"": 0.2610722455419014, \""Nob Hill Grated Parmesan Cheese (5 oz)\"": 0.2767422302285647, \""Kerrygold Grass-Fed Salted Pure Irish Butter (8 oz)\"": 0.2582735358512957, \""Raley's Sea Rock Shrimp Ring (10 oz)\"": 0.3188553861221812, \""Bertolli Alfredo Sauce (15 oz)\"": 0.3141107484743024, \""Tree Ripe Peaches\"": 0.297922182191339, \""Raley's Fajita Beef (pack)\"": 0.28039216819982565, \""Tina's Red Hot Beef Burrito (4 oz)\"": 0.2326194755149894, \""Oberto Original Beef Jerky (2.7 oz)\"": 0.2371944686381757, \""Raley's Baby Spinach (5 oz)\"": 0.3622149554287208, \""Jumbo Artichoke\"": 0.4075281923278549, \""Raley's Pork Loin Bone-In Rib Chops Center Cut (pack)\"": 0.30735469232206786, \""Crown Broccoli\"": 0.7652392309911314, \""Jones Dairy Farm Center Cut Hickory Smoked Pork Loin Canadian Bacon (6 oz)\"": 0.24528700971487918, \""Raley's Country Potato Salad (16 oz)\"": 0.294957240831059, \""Bag Fee\"": 0.0, \""Bottle Deposit aka CRV\"": 0.0, \""Unknown Item\"": 0.19268949117058573}, \""ENGLISH CUCUMBER\"": {\""Raley's Homestyle Macaroni Salad (1 lb)\"": 0.2927026015446122, \""Raley's Purely Made Organic Boneless Skinless Thin Sliced Chicken Breast Fillets\"": 0.2733208305227386, \""Raley's Grade AA Large Eggs Cage Free (18 ct)\"": 0.25795286737516104, \""English Cucumber\"": 0.8653761809099867, \""Raley's Pesto Pasta Salad (7.2 oz)\"": 0.30819867261385775, \""White Onion (each)\"": 0.40804326968462945, \""Fresh Green Asparagus (bunch)\"": 0.40929733865129786, \""Ajay's Montana Bananas Original Peppered Cowboy Dry Beef Jerky (3.25 oz)\"": 0.2605238353681814, \""Thomas' Original Nooks & Crannies English Muffins (2.16 oz x 6 ct)\"": 0.33770724546228614, \""Green Onions (bunch)\"": 0.3884301911628126, \""Raley's Center Cut Bone-in Loin Pork Chops (pack)\"": 0.2409267856456152, \""Tina's Beef & Bean Green Chili Burrito (4 oz)\"": 0.2462106152106449, \""Nob Hill Grated Parmesan Cheese (5 oz)\"": 0.2608656666195511, \""Kerrygold Grass-Fed Salted Pure Irish Butter (8 oz)\"": 0.26924111677850554, \""Raley's Sea Rock Shrimp Ring (10 oz)\"": 0.2837502094415131, \""Bertolli Alfredo Sauce (15 oz)\"": 0.24643307037392975, \""Tree Ripe Peaches\"": 0.31260002292896755, \""Raley's Fajita Beef (pack)\"": 0.25030589423169336, \""Tina's Red Hot Beef Burrito (4 oz)\"": 0.23502295217954308, \""Oberto Original Beef Jerky (2.7 oz)\"": 0.2491037031574345, \""Raley's Baby Spinach (5 oz)\"": 0.32630913539658, \""Jumbo Artichoke\"": 0.32695312430469897, \""Raley's Pork Loin Bone-In Rib Chops Center Cut (pack)\"": 0.2377023784690257, \""Crown Broccoli\"": 0.3797679578882789, \""Jones Dairy Farm Center Cut Hickory Smoked Pork Loin Canadian Bacon (6 oz)\"": 0.27349716689358333, \""Raley's Country Potato Salad (16 oz)\"": 0.3244129423155172, \""Bag Fee\"": 0.0, \""Bottle Deposit aka CRV\"": 0.0, \""Unknown Item\"": 0.22591841134994686}, \""ONION - GREEN\"": {\""Raley's Homestyle Macaroni Salad (1 lb)\"": 0.24253806757754096, \""Raley's Purely Made Organic Boneless Skinless Thin Sliced Chicken Breast Fillets\"": 0.25555577017491704, \""Raley's Grade AA Large Eggs Cage Free (18 ct)\"": 0.23829210046296448, \""English Cucumber\"": 0.3853756749753512, \""Raley's Pesto Pasta Salad (7.2 oz)\"": 0.2894785681119565, \""White Onion (each)\"": 0.6304598972336006, \""Fresh Green Asparagus (bunch)\"": 0.487514115688481, \""Ajay's Montana Bananas Original Peppered Cowboy Dry Beef Jerky (3.25 oz)\"": 0.24926598477997994, \""Thomas' Original Nooks & Crannies English Muffins (2.16 oz x 6 ct)\"": 0.1973552538764183, \""Green Onions (bunch)\"": 0.6565593911331095, \""Raley's Center Cut Bone-in Loin Pork Chops (pack)\"": 0.2520619817292677, \""Tina's Beef & Bean Green Chili Burrito (4 oz)\"": 0.32459483351134616, \""Nob Hill Grated Parmesan Cheese (5 oz)\"": 0.2949374007070528, \""Kerrygold Grass-Fed Salted Pure Irish Butter (8 oz)\"": 0.2808353972425167, \""Raley's Sea Rock Shrimp Ring (10 oz)\"": 0.2627235499787305, \""Bertolli Alfredo Sauce (15 oz)\"": 0.24371384128065404, \""Tree Ripe Peaches\"": 0.3015298812582591, \""Raley's Fajita Beef (pack)\"": 0.27804524611050696, \""Tina's Red Hot Beef Burrito (4 oz)\"": 0.2729027119937057, \""Oberto Original Beef Jerky (2.7 oz)\"": 0.23892947266291137, \""Raley's Baby Spinach (5 oz)\"": 0.35288516447764423, \""Jumbo Artichoke\"": 0.310608597901404, \""Raley's Pork Loin Bone-In Rib Chops Center Cut (pack)\"": 0.2612621815363402, \""Crown Broccoli\"": 0.3654536829186052, \""Jones Dairy Farm Center Cut Hickory Smoked Pork Loin Canadian Bacon (6 oz)\"": 0.25420198496904106, \""Raley's Country Potato Salad (16 oz)\"": 0.28884477913334256, \""Bag Fee\"": 0.23108481697850994, \""Bottle Deposit aka CRV\"": 0.13420658916391895, \""Unknown Item\"": 0.26626416189657043}, \""ONION WHITE\"": {\""Raley's Homestyle Macaroni Salad (1 lb)\"": 0.25298335236908664, \""Raley's Purely Made Organic Boneless Skinless Thin Sliced Chicken Breast Fillets\"": 0.2784020793547044, \""Raley's Grade AA Large Eggs Cage Free (18 ct)\"": 0.24528870872958525, \""English Cucumber\"": 0.38562603893047975, \""Raley's Pesto Pasta Salad (7.2 oz)\"": 0.25681826141426106, \""White Onion (each)\"": 0.6665672939962398, \""Fresh Green Asparagus (bunch)\"": 0.3560760806837073, \""Ajay's Montana Bananas Original Peppered Cowboy Dry Beef Jerky (3.25 oz)\"": 0.2230417907271844, \""Thomas' Original Nooks & Crannies English Muffins (2.16 oz x 6 ct)\"": 0.22086415489322384, \""Green Onions (bunch)\"": 0.5074331550996009, \""Raley's Center Cut Bone-in Loin Pork Chops (pack)\"": 0.24648273034868567, \""Tina's Beef & Bean Green Chili Burrito (4 oz)\"": 0.22048535226098973, \""Nob Hill Grated Parmesan Cheese (5 oz)\"": 0.3138348848484687, \""Kerrygold Grass-Fed Salted Pure Irish Butter (8 oz)\"": 0.24471054232287784, \""Raley's Sea Rock Shrimp Ring (10 oz)\"": 0.23926915827300355, \""Bertolli Alfredo Sauce (15 oz)\"": 0.2808688217454599, \""Tree Ripe Peaches\"": 0.2701549456302612, \""Raley's Fajita Beef (pack)\"": 0.2532079152111279, \""Tina's Red Hot Beef Burrito (4 oz)\"": 0.2342449191472646, \""Oberto Original Beef Jerky (2.7 oz)\"": 0.22417551270093247, \""Raley's Baby Spinach (5 oz)\"": 0.2821380713761119, \""Jumbo Artichoke\"": 0.3080076699765831, \""Raley's Pork Loin Bone-In Rib Chops Center Cut (pack)\"": 0.25124903290600614, \""Crown Broccoli\"": 0.35676993763503745, \""Jones Dairy Farm Center Cut Hickory Smoked Pork Loin Canadian Bacon (6 oz)\"": 0.23339317445688754, \""Raley's Country Potato Salad (16 oz)\"": 0.31083123649086636, \""Bag Fee\"": 0.0, \""Bottle Deposit aka CRV\"": 0.0, \""Unknown Item\"": 0.2597222763120717}, \""RALEY'S BABY SPINA\"": {\""Raley's Homestyle Macaroni Salad (1 lb)\"": 0.3846880386919515, \""Raley's Purely Made Organic Boneless Skinless Thin Sliced Chicken Breast Fillets\"": 0.38533851998514473, \""Raley's Grade AA Large Eggs Cage Free (18 ct)\"": 0.36365860259627836, \""English Cucumber\"": 0.17422325169780725, \""Raley's Pesto Pasta Salad (7.2 oz)\"": 0.3898241715287343, \""White Onion (each)\"": 0.16531412259880066, \""Fresh Green Asparagus (bunch)\"": 0.23292479090026563, \""Ajay's Montana Bananas Original Peppered Cowboy Dry Beef Jerky (3.25 oz)\"": 0.20644705238965896, \""Thomas' Original Nooks & Crannies English Muffins (2.16 oz x 6 ct)\"": 0.13599707551292145, \""Green Onions (bunch)\"": 0.1802675956189488, \""Raley's Center Cut Bone-in Loin Pork Chops (pack)\"": 0.37973410544358227, \""Tina's Beef & Bean Green Chili Burrito (4 oz)\"": 0.2057454328494916, \""Nob Hill Grated Parmesan Cheese (5 oz)\"": 0.20648351733645218, \""Kerrygold Grass-Fed Salted Pure Irish Butter (8 oz)\"": 0.13679070519269598, \""Raley's Sea Rock Shrimp Ring (10 oz)\"": 0.3568122014515975, \""Bertolli Alfredo Sauce (15 oz)\"": 0.2122774033891096, \""Tree Ripe Peaches\"": 0.21006309346329918, \""Raley's Fajita Beef (pack)\"": 0.42739127731240334, \""Tina's Red Hot Beef Burrito (4 oz)\"": 0.20764611503036332, \""Oberto Original Beef Jerky (2.7 oz)\"": 0.17470074748449846, \""Raley's Baby Spinach (5 oz)\"": 0.5280066410202924, \""Jumbo Artichoke\"": 0.22618317702649116, \""Raley's Pork Loin Bone-In Rib Chops Center Cut (pack)\"": 0.39112619613874255, \""Crown Broccoli\"": 0.24960700005030964, \""Jones Dairy Farm Center Cut Hickory Smoked Pork Loin Canadian Bacon (6 oz)\"": 0.17151447791644855, \""Raley's Country Potato Salad (16 oz)\"": 0.4010197562931945, \""Bag Fee\"": 0.0, \""Bottle Deposit aka CRV\"": 0.0, \""Unknown Item\"": 0.14588846457394547}, \""YELLOW PEACH\"": {\""Raley's Homestyle Macaroni Salad (1 lb)\"": 0.2418317593131191, \""Raley's Purely Made Organic Boneless Skinless Thin Sliced Chicken Breast Fillets\"": 0.20109833927113752, \""Raley's Grade AA Large Eggs Cage Free (18 ct)\"": 0.2249042857707797, \""English Cucumber\"": 0.34124961482215405, \""Raley's Pesto Pasta Salad (7.2 oz)\"": 0.2409395709955308, \""White Onion (each)\"": 0.30667835615041394, \""Fresh Green Asparagus (bunch)\"": 0.288765064480106, \""Ajay's Montana Bananas Original Peppered Cowboy Dry Beef Jerky (3.25 oz)\"": 0.2735554885412633, \""Thomas' Original Nooks & Crannies English Muffins (2.16 oz x 6 ct)\"": 0.17344321472630156, \""Green Onions (bunch)\"": 0.26010543950986953, \""Raley's Center Cut Bone-in Loin Pork Chops (pack)\"": 0.19949987660903648, \""Tina's Beef & Bean Green Chili Burrito (4 oz)\"": 0.19471946911684376, \""Nob Hill Grated Parmesan Cheese (5 oz)\"": 0.23046417282455733, \""Kerrygold Grass-Fed Salted Pure Irish Butter (8 oz)\"": 0.18496994856916407, \""Raley's Sea Rock Shrimp Ring (10 oz)\"": 0.23445030496831928, \""Bertolli Alfredo Sauce (15 oz)\"": 0.20558593471967485, \""Tree Ripe Peaches\"": 0.577643677038286, \""Raley's Fajita Beef (pack)\"": 0.2056235874240546, \""Tina's Red Hot Beef Burrito (4 oz)\"": 0.19528517141249785, \""Oberto Original Beef Jerky (2.7 oz)\"": 0.19275289317671102, \""Raley's Baby Spinach (5 oz)\"": 0.2183401839348898, \""Jumbo Artichoke\"": 0.28911606245141136, \""Raley's Pork Loin Bone-In Rib Chops Center Cut (pack)\"": 0.19587767854437257, \""Crown Broccoli\"": 0.29165298491505576, \""Jones Dairy Farm Center Cut Hickory Smoked Pork Loin Canadian Bacon (6 oz)\"": 0.16006354992320362, \""Raley's Country Potato Salad (16 oz)\"": 0.25849458731042824, \""Bag Fee\"": 0.0, \""Bottle Deposit aka CRV\"": 0.0, \""Unknown Item\"": 0.24871811310588948}, \""CANADN BACN\"": {\""Raley's Homestyle Macaroni Salad (1 lb)\"": 0.16642738834595483, \""Raley's Purely Made Organic Boneless Skinless Thin Sliced Chicken Breast Fillets\"": 0.20050660764886163, \""Raley's Grade AA Large Eggs Cage Free (18 ct)\"": 0.20682149697756813, \""English Cucumber\"": 0.23688227129746858, \""Raley's Pesto Pasta Salad (7.2 oz)\"": 0.1476834552879618, \""White Onion (each)\"": 0.20114754432625048, \""Fresh Green Asparagus (bunch)\"": 0.19857243413057626, \""Ajay's Montana Bananas Original Peppered Cowboy Dry Beef Jerky (3.25 oz)\"": 0.22791351185839426, \""Thomas' Original Nooks & Crannies English Muffins (2.16 oz x 6 ct)\"": 0.25188987728104, \""Green Onions (bunch)\"": 0.20854394259416933, \""Raley's Center Cut Bone-in Loin Pork Chops (pack)\"": 0.21492738734527536, \""Tina's Beef & Bean Green Chili Burrito (4 oz)\"": 0.17768456198634194, \""Nob Hill Grated Parmesan Cheese (5 oz)\"": 0.1889996937410587, \""Kerrygold Grass-Fed Salted Pure Irish Butter (8 oz)\"": 0.1983124002007117, \""Raley's Sea Rock Shrimp Ring (10 oz)\"": 0.1623990054055929, \""Bertolli Alfredo Sauce (15 oz)\"": 0.16503730405293626, \""Tree Ripe Peaches\"": 0.16408856729704704, \""Raley's Fajita Beef (pack)\"": 0.19838721089592118, \""Tina's Red Hot Beef Burrito (4 oz)\"": 0.1818163723776645, \""Oberto Original Beef Jerky (2.7 oz)\"": 0.18677636594637193, \""Raley's Baby Spinach (5 oz)\"": 0.1731480587501356, \""Jumbo Artichoke\"": 0.19116345116764955, \""Raley's Pork Loin Bone-In Rib Chops Center Cut (pack)\"": 0.21415924043766482, \""Crown Broccoli\"": 0.23415996654259316, \""Jones Dairy Farm Center Cut Hickory Smoked Pork Loin Canadian Bacon (6 oz)\"": 0.37767484977088184, \""Raley's Country Potato Salad (16 oz)\"": 0.17691900353541196, \""Bag Fee\"": 0.0, \""Bottle Deposit aka CRV\"": 0.0, \""Unknown Item\"": 0.21072718660157727}, \""HOMESTYLE MACARONI\"": {\""Raley's Homestyle Macaroni Salad (1 lb)\"": 0.5496780120461068, \""Raley's Purely Made Organic Boneless Skinless Thin Sliced Chicken Breast Fillets\"": 0.2802373916891381, \""Raley's Grade AA Large Eggs Cage Free (18 ct)\"": 0.23102189194765804, \""English Cucumber\"": 0.242759401162206, \""Raley's Pesto Pasta Salad (7.2 oz)\"": 0.3898260428885285, \""White Onion (each)\"": 0.23729262959097847, \""Fresh Green Asparagus (bunch)\"": 0.18749790744158468, \""Ajay's Montana Bananas Original Peppered Cowboy Dry Beef Jerky (3.25 oz)\"": 0.22686066360819115, \""Thomas' Original Nooks & Crannies English Muffins (2.16 oz x 6 ct)\"": 0.23897112966461528, \""Green Onions (bunch)\"": 0.20977284079069045, \""Raley's Center Cut Bone-in Loin Pork Chops (pack)\"": 0.25761959932153844, \""Tina's Beef & Bean Green Chili Burrito (4 oz)\"": 0.2731453200868939, \""Nob Hill Grated Parmesan Cheese (5 oz)\"": 0.3315188628813884, \""Kerrygold Grass-Fed Salted Pure Irish Butter (8 oz)\"": 0.2114605857344487, \""Raley's Sea Rock Shrimp Ring (10 oz)\"": 0.26398973918302854, \""Bertolli Alfredo Sauce (15 oz)\"": 0.36601659340285314, \""Tree Ripe Peaches\"": 0.22239160673444444, \""Raley's Fajita Beef (pack)\"": 0.2786089690886555, \""Tina's Red Hot Beef Burrito (4 oz)\"": 0.2614534884912171, \""Oberto Original Beef Jerky (2.7 oz)\"": 0.20308061602106134, \""Raley's Baby Spinach (5 oz)\"": 0.2713268527571521, \""Jumbo Artichoke\"": 0.24147373975432213, \""Raley's Pork Loin Bone-In Rib Chops Center Cut (pack)\"": 0.2482162775262203, \""Crown Broccoli\"": 0.3178852934677673, \""Jones Dairy Farm Center Cut Hickory Smoked Pork Loin Canadian Bacon (6 oz)\"": 0.2597416534994011, \""Raley's Country Potato Salad (16 oz)\"": 0.37189250864390505, \""Bag Fee\"": 0.0, \""Bottle Deposit aka CRV\"": 0.0, \""Unknown Item\"": 0.18552677283705868}, \""NHTC GRATED PARMES\"": {\""Raley's Homestyle Macaroni Salad (1 lb)\"": 0.2852323436966656, \""Raley's Purely Made Organic Boneless Skinless Thin Sliced Chicken Breast Fillets\"": 0.3235993405521492, \""Raley's Grade AA Large Eggs Cage Free (18 ct)\"": 0.2817144557261781, \""English Cucumber\"": 0.28747857617661915, \""Raley's Pesto Pasta Salad (7.2 oz)\"": 0.330814976679717, \""White Onion (each)\"": 0.3135431971406981, \""Fresh Green Asparagus (bunch)\"": 0.2628898212258643, \""Ajay's Montana Bananas Original Peppered Cowboy Dry Beef Jerky (3.25 oz)\"": 0.24600042164303781, \""Thomas' Original Nooks & Crannies English Muffins (2.16 oz x 6 ct)\"": 0.3226302517019297, \""Green Onions (bunch)\"": 0.2616470057774507, \""Raley's Center Cut Bone-in Loin Pork Chops (pack)\"": 0.29062063934945714, \""Tina's Beef & Bean Green Chili Burrito (4 oz)\"": 0.2533731252564266, \""Nob Hill Grated Parmesan Cheese (5 oz)\"": 0.5526183629347247, \""Kerrygold Grass-Fed Salted Pure Irish Butter (8 oz)\"": 0.29369524461676316, \""Raley's Sea Rock Shrimp Ring (10 oz)\"": 0.2766861882256775, \""Bertolli Alfredo Sauce (15 oz)\"": 0.35688675553321053, \""Tree Ripe Peaches\"": 0.28291395889653764, \""Raley's Fajita Beef (pack)\"": 0.3066617751593622, \""Tina's Red Hot Beef Burrito (4 oz)\"": 0.26117121246946684, \""Oberto Original Beef Jerky (2.7 oz)\"": 0.2546876996661213, \""Raley's Baby Spinach (5 oz)\"": 0.274909312579049, \""Jumbo Artichoke\"": 0.24935526089464358, \""Raley's Pork Loin Bone-In Rib Chops Center Cut (pack)\"": 0.2918671208636526, \""Crown Broccoli\"": 0.3049857155349387, \""Jones Dairy Farm Center Cut Hickory Smoked Pork Loin Canadian Bacon (6 oz)\"": 0.32163609162779105, \""Raley's Country Potato Salad (16 oz)\"": 0.2868697722374657, \""Bag Fee\"": 0.0, \""Bottle Deposit aka CRV\"": 0.0, \""Unknown Item\"": 0.20572607210523586}, \""RALEY S COUNTRY PO\"": {\""Raley's Homestyle Macaroni Salad (1 lb)\"": 0.40920971339542567, \""Raley's Purely Made Organic Boneless Skinless Thin Sliced Chicken Breast Fillets\"": 0.38535205865730754, \""Raley's Grade AA Large Eggs Cage Free (18 ct)\"": 0.3662731597913166, \""English Cucumber\"": 0.19819398163628874, \""Raley's Pesto Pasta Salad (7.2 oz)\"": 0.3872156855104017, \""White Onion (each)\"": 0.15947730282633354, \""Fresh Green Asparagus (bunch)\"": 0.16480989539420857, \""Ajay's Montana Bananas Original Peppered Cowboy Dry Beef Jerky (3.25 oz)\"": 0.22622964190719533, \""Thomas' Original Nooks & Crannies English Muffins (2.16 oz x 6 ct)\"": 0.16825942265041235, \""Green Onions (bunch)\"": 0.1605295216076436, \""Raley's Center Cut Bone-in Loin Pork Chops (pack)\"": 0.3804870711592483, \""Tina's Beef & Bean Green Chili Burrito (4 oz)\"": 0.14335093776530153, \""Nob Hill Grated Parmesan Cheese (5 oz)\"": 0.22375496595706057, \""Kerrygold Grass-Fed Salted Pure Irish Butter (8 oz)\"": 0.17877476933628203, \""Raley's Sea Rock Shrimp Ring (10 oz)\"": 0.33430969710242764, \""Bertolli Alfredo Sauce (15 oz)\"": 0.16053457005630722, \""Tree Ripe Peaches\"": 0.24200368286501509, \""Raley's Fajita Beef (pack)\"": 0.41839120501086824, \""Tina's Red Hot Beef Burrito (4 oz)\"": 0.15605868933402386, \""Oberto Original Beef Jerky (2.7 oz)\"": 0.18426153345963428, \""Raley's Baby Spinach (5 oz)\"": 0.37529107742645973, \""Jumbo Artichoke\"": 0.15734150216700882, \""Raley's Pork Loin Bone-In Rib Chops Center Cut (pack)\"": 0.3845425427568243, \""Crown Broccoli\"": 0.21027571932253733, \""Jones Dairy Farm Center Cut Hickory Smoked Pork Loin Canadian Bacon (6 oz)\"": 0.20215409154207412, \""Raley's Country Potato Salad (16 oz)\"": 0.49708650104963004, \""Bag Fee\"": 0.0, \""Bottle Deposit aka CRV\"": 0.0, \""Unknown Item\"": 0.155819167183905}, \""RALEY S PESTO PAST\"": {\""Raley's Homestyle Macaroni Salad (1 lb)\"": 0.5064926607288693, \""Raley's Purely Made Organic Boneless Skinless Thin Sliced Chicken Breast Fillets\"": 0.46518107758457183, \""Raley's Grade AA Large Eggs Cage Free (18 ct)\"": 0.38082268377671696, \""English Cucumber\"": 0.24902461792049252, \""Raley's Pesto Pasta Salad (7.2 oz)\"": 0.6665509527260031, \""White Onion (each)\"": 0.21073826860704598, \""Fresh Green Asparagus (bunch)\"": 0.2856700660068897, \""Ajay's Montana Bananas Original Peppered Cowboy Dry Beef Jerky (3.25 oz)\"": 0.28415433768303233, \""Thomas' Original Nooks & Crannies English Muffins (2.16 oz x 6 ct)\"": 0.21363518218118907, \""Green Onions (bunch)\"": 0.20646483427347778, \""Raley's Center Cut Bone-in Loin Pork Chops (pack)\"": 0.4225720900831283, \""Tina's Beef & Bean Green Chili Burrito (4 oz)\"": 0.21810383595597838, \""Nob Hill Grated Parmesan Cheese (5 oz)\"": 0.3561670042316008, \""Kerrygold Grass-Fed Salted Pure Irish Butter (8 oz)\"": 0.2377014621873251, \""Raley's Sea Rock Shrimp Ring (10 oz)\"": 0.4507827306671761, \""Bertolli Alfredo Sauce (15 oz)\"": 0.3930090220080354, \""Tree Ripe Peaches\"": 0.29847530104567077, \""Raley's Fajita Beef (pack)\"": 0.48949843185395764, \""Tina's Red Hot Beef Burrito (4 oz)\"": 0.22553738010474592, \""Oberto Original Beef Jerky (2.7 oz)\"": 0.2638737889202586, \""Raley's Baby Spinach (5 oz)\"": 0.47938540172588934, \""Jumbo Artichoke\"": 0.2804754112454024, \""Raley's Pork Loin Bone-In Rib Chops Center Cut (pack)\"": 0.4345499182702766, \""Crown Broccoli\"": 0.313123733078212, \""Jones Dairy Farm Center Cut Hickory Smoked Pork Loin Canadian Bacon (6 oz)\"": 0.24064167120003002, \""Raley's Country Potato Salad (16 oz)\"": 0.4871806188263015, \""Bag Fee\"": 0.0, \""Bottle Deposit aka CRV\"": 0.0, \""Unknown Item\"": 0.16265801002314495}, \""RALEYS FARM RAISED\"": {\""Raley's Homestyle Macaroni Salad (1 lb)\"": 0.4937563052769234, \""Raley's Purely Made Organic Boneless Skinless Thin Sliced Chicken Breast Fillets\"": 0.6027108763832214, \""Raley's Grade AA Large Eggs Cage Free (18 ct)\"": 0.5611284974372752, \""English Cucumber\"": 0.29440202831249884, \""Raley's Pesto Pasta Salad (7.2 oz)\"": 0.4685118130530021, \""White Onion (each)\"": 0.30407782967308744, \""Fresh Green Asparagus (bunch)\"": 0.3312044890495413, \""Ajay's Montana Bananas Original Peppered Cowboy Dry Beef Jerky (3.25 oz)\"": 0.3512589501891477, \""Thomas' Original Nooks & Crannies English Muffins (2.16 oz x 6 ct)\"": 0.24339751023510517, \""Green Onions (bunch)\"": 0.2902150431749303, \""Raley's Center Cut Bone-in Loin Pork Chops (pack)\"": 0.5613410598754142, \""Tina's Beef & Bean Green Chili Burrito (4 oz)\"": 0.2871204638346046, \""Nob Hill Grated Parmesan Cheese (5 oz)\"": 0.36661400240049635, \""Kerrygold Grass-Fed Salted Pure Irish Butter (8 oz)\"": 0.3331100917931152, \""Raley's Sea Rock Shrimp Ring (10 oz)\"": 0.4671224760322589, \""Bertolli Alfredo Sauce (15 oz)\"": 0.3434963704900779, \""Tree Ripe Peaches\"": 0.35812961871818966, \""Raley's Fajita Beef (pack)\"": 0.572166845373233, \""Tina's Red Hot Beef Burrito (4 oz)\"": 0.2895663276468128, \""Oberto Original Beef Jerky (2.7 oz)\"": 0.3183471759378238, \""Raley's Baby Spinach (5 oz)\"": 0.5099758029804111, \""Jumbo Artichoke\"": 0.30694667900732037, \""Raley's Pork Loin Bone-In Rib Chops Center Cut (pack)\"": 0.565989083364018, \""Crown Broccoli\"": 0.3494277352315863, \""Jones Dairy Farm Center Cut Hickory Smoked Pork Loin Canadian Bacon (6 oz)\"": 0.4260680336238527, \""Raley's Country Potato Salad (16 oz)\"": 0.5416439590898755, \""Bag Fee\"": 0.0, \""Bottle Deposit aka CRV\"": 0.0, \""Unknown Item\"": 0.16701406616771095}, \""Unknown Item\"": {\""Raley's Homestyle Macaroni Salad (1 lb)\"": 0.16314032644316429, \""Raley's Purely Made Organic Boneless Skinless Thin Sliced Chicken Breast Fillets\"": 0.17484543982022122, \""Raley's Grade AA Large Eggs Cage Free (18 ct)\"": 0.18493171141749812, \""English Cucumber\"": 0.20446784090377254, \""Raley's Pesto Pasta Salad (7.2 oz)\"": 0.17985528664142733, \""White Onion (each)\"": 0.25641160576067673, \""Fresh Green Asparagus (bunch)\"": 0.20910969023338558, \""Ajay's Montana Bananas Original Peppered Cowboy Dry Beef Jerky (3.25 oz)\"": 0.17812038411969386, \""Thomas' Original Nooks & Crannies English Muffins (2.16 oz x 6 ct)\"": 0.19004763342655284, \""Green Onions (bunch)\"": 0.22915774810135495, \""Raley's Center Cut Bone-in Loin Pork Chops (pack)\"": 0.1815930931809382, \""Tina's Beef & Bean Green Chili Burrito (4 oz)\"": 0.18095952181704997, \""Nob Hill Grated Parmesan Cheese (5 oz)\"": 0.19460544649005773, \""Kerrygold Grass-Fed Salted Pure Irish Butter (8 oz)\"": 0.18629586263959, \""Raley's Sea Rock Shrimp Ring (10 oz)\"": 0.19201840955072355, \""Bertolli Alfredo Sauce (15 oz)\"": 0.17100467585857224, \""Tree Ripe Peaches\"": 0.15186192313248642, \""Raley's Fajita Beef (pack)\"": 0.21571227888976421, \""Tina's Red Hot Beef Burrito (4 oz)\"": 0.18315959510853277, \""Oberto Original Beef Jerky (2.7 oz)\"": 0.1995221754857379, \""Raley's Baby Spinach (5 oz)\"": 0.16023205413826075, \""Jumbo Artichoke\"": 0.2411745138997884, \""Raley's Pork Loin Bone-In Rib Chops Center Cut (pack)\"": 0.18713445167479817, \""Crown Broccoli\"": 0.1946773648418818, \""Jones Dairy Farm Center Cut Hickory Smoked Pork Loin Canadian Bacon (6 oz)\"": 0.16481644193100992, \""Raley's Country Potato Salad (16 oz)\"": 0.1700845797269405, \""Bag Fee\"": 0.30044820010565, \""Bottle Deposit aka CRV\"": 0.21774943832703783, \""Unknown Item\"": 0.9990009990914867}}""
  },
  {
    ""key"": ""total_amount"",
    ""value"": ""{\""money\"": {\""unit_amount\"": 14859, \""currency\"": \""USD\"", \""display_string\"": \""None148.59\"", \""decimal_places\"": 2, \""sign\"": null, \""symbol\"": null}, \""confidence_score\"": 1.0}""
  },
  {
    ""key"": ""discount_amount"",
    ""value"": ""{\""money\"": {\""unit_amount\"": 0, \""currency\"": \""USD\"", \""display_string\"": \""None0.00\"", \""decimal_places\"": 2, \""sign\"": null, \""symbol\"": null}, \""confidence_score\"": 1.0}""
  },
  {
    ""key"": ""business_id"",
    ""value"": ""11129311""
  },
  {
    ""key"": ""subtotal_amount"",
    ""value"": ""{\""money\"": {\""unit_amount\"": 14859, \""currency\"": \""USD\"", \""display_string\"": \""None148.59\"", \""decimal_places\"": 2, \""sign\"": null, \""symbol\"": null}, \""confidence_score\"": 1.0}""
  },
  {
    ""key"": ""tax_confidence_score"",
    ""value"": ""1.0""
  },
  {
    ""key"": ""matched_item_info"",
    ""value"": ""[{\""merchant_supplied_id\"": \""480065449\"", \""display_name\"": \""Ajay's Montana Bananas Original Peppered Cowboy Dry Beef Jerky (3.25 oz)\"", \""ocr_description\"": \""AJAY S JERKY\"", \""quantity\"": {\""value\"": 1.0}, \""price_per_unit\"": {\""unit_amount\"": 1249, \""currency\"": \""USD\"", \""display_string\"": \""None12.49\"", \""decimal_places\"": 2, \""sign\"": null, \""symbol\"": null}, \""item_price\"": {\""unit_amount\"": 1249, \""currency\"": \""USD\"", \""display_string\"": \""None12.49\"", \""decimal_places\"": 2, \""sign\"": null, \""symbol\"": null}, \""non_discount_price_per_unit\"": {\""unit_amount\"": 0, \""currency\"": \""USD\"", \""display_string\"": \""None0.00\"", \""decimal_places\"": 2, \""sign\"": null, \""symbol\"": null}, \""non_discount_item_price\"": {\""unit_amount\"": 0, \""currency\"": \""USD\"", \""display_string\"": \""None0.00\"", \""decimal_places\"": 2, \""sign\"": null, \""symbol\"": null}, \""sold_by_weight\"": false, \""confidence_score\"": 1.0}, {\""merchant_supplied_id\"": \""60618857\"", \""display_name\"": \""Bertolli Alfredo Sauce (15 oz)\"", \""ocr_description\"": \""BERTOLLI ALFREDO\"", \""quantity\"": {\""value\"": 1.0}, \""price_per_unit\"": {\""unit_amount\"": 479, \""currency\"": \""USD\"", \""display_string\"": \""None4.79\"", \""decimal_places\"": 2, \""sign\"": null, \""symbol\"": null}, \""item_price\"": {\""unit_amount\"": 479, \""currency\"": \""USD\"", \""display_string\"": \""None4.79\"", \""decimal_places\"": 2, \""sign\"": null, \""symbol\"": null}, \""non_discount_price_per_unit\"": {\""unit_amount\"": 549, \""currency\"": \""USD\"", \""display_string\"": \""None5.49\"", \""decimal_places\"": 2, \""sign\"": null, \""symbol\"": null}, \""non_discount_item_price\"": {\""unit_amount\"": 549, \""currency\"": \""USD\"", \""display_string\"": \""None5.49\"", \""decimal_places\"": 2, \""sign\"": null, \""symbol\"": null}, \""sold_by_weight\"": false, \""confidence_score\"": 1.0}, {\""merchant_supplied_id\"": \""10152601\"", \""display_name\"": \""Kerrygold Grass-Fed Salted Pure Irish Butter (8 oz)\"", \""ocr_description\"": \""KERRYGOLD SLT BTTR\"", \""quantity\"": {\""value\"": 1.0}, \""price_per_unit\"": {\""unit_amount\"": 599, \""currency\"": \""USD\"", \""display_string\"": \""None5.99\"", \""decimal_places\"": 2, \""sign\"": null, \""symbol\"": null}, \""item_price\"": {\""unit_amount\"": 599, \""currency\"": \""USD\"", \""display_string\"": \""None5.99\"", \""decimal_places\"": 2, \""sign\"": null, \""symbol\"": null}, \""non_discount_price_per_unit\"": {\""unit_amount\"": 0, \""currency\"": \""USD\"", \""display_string\"": \""None0.00\"", \""decimal_places\"": 2, \""sign\"": null, \""symbol\"": null}, \""non_discount_item_price\"": {\""unit_amount\"": 0, \""currency\"": \""USD\"", \""display_string\"": \""None0.00\"", \""decimal_places\"": 2, \""sign\"": null, \""symbol\"": null}, \""sold_by_weight\"": false, \""confidence_score\"": 1.0}, {\""merchant_supplied_id\"": \""10300795\"", \""display_name\"": \""Raley's Sea Rock Shrimp Ring (10 oz)\"", \""ocr_description\"": \""OBERTO NATURAL STY\"", \""quantity\"": {\""value\"": 1.0}, \""price_per_unit\"": {\""unit_amount\"": 699, \""currency\"": \""USD\"", \""display_string\"": \""None6.99\"", \""decimal_places\"": 2, \""sign\"": null, \""symbol\"": null}, \""item_price\"": {\""unit_amount\"": 699, \""currency\"": \""USD\"", \""display_string\"": \""None6.99\"", \""decimal_places\"": 2, \""sign\"": null, \""symbol\"": null}, \""non_discount_price_per_unit\"": {\""unit_amount\"": 899, \""currency\"": \""USD\"", \""display_string\"": \""None8.99\"", \""decimal_places\"": 2, \""sign\"": null, \""symbol\"": null}, \""non_discount_item_price\"": {\""unit_amount\"": 899, \""currency\"": \""USD\"", \""display_string\"": \""None8.99\"", \""decimal_places\"": 2, \""sign\"": null, \""symbol\"": null}, \""sold_by_weight\"": false, \""confidence_score\"": 1.0}, {\""merchant_supplied_id\"": \""30009075\"", \""display_name\"": \""Raley's Grade AA Large Eggs Cage Free (18 ct)\"", \""ocr_description\"": \""RALEY S LG AA CG F\"", \""quantity\"": {\""value\"": 1.0}, \""price_per_unit\"": {\""unit_amount\"": 798, \""currency\"": \""USD\"", \""display_string\"": \""None7.98\"", \""decimal_places\"": 2, \""sign\"": null, \""symbol\"": null}, \""item_price\"": {\""unit_amount\"": 798, \""currency\"": \""USD\"", \""display_string\"": \""None7.98\"", \""decimal_places\"": 2, \""sign\"": null, \""symbol\"": null}, \""non_discount_price_per_unit\"": {\""unit_amount\"": 0, \""currency\"": \""USD\"", \""display_string\"": \""None0.00\"", \""decimal_places\"": 2, \""sign\"": null, \""symbol\"": null}, \""non_discount_item_price\"": {\""unit_amount\"": 0, \""currency\"": \""USD\"", \""display_string\"": \""None0.00\"", \""decimal_places\"": 2, \""sign\"": null, \""symbol\"": null}, \""sold_by_weight\"": false, \""confidence_score\"": 1.0}, {\""merchant_supplied_id\"": \""30055756\"", \""display_name\"": \""Thomas' Original Nooks & Crannies English Muffins (2.16 oz x 6 ct)\"", \""ocr_description\"": \""THOMAS ENG MUFFIN\"", \""quantity\"": {\""value\"": 1.0}, \""price_per_unit\"": {\""unit_amount\"": 529, \""currency\"": \""USD\"", \""display_string\"": \""None5.29\"", \""decimal_places\"": 2, \""sign\"": null, \""symbol\"": null}, \""item_price\"": {\""unit_amount\"": 529, \""currency\"": \""USD\"", \""display_string\"": \""None5.29\"", \""decimal_places\"": 2, \""sign\"": null, \""symbol\"": null}, \""non_discount_price_per_unit\"": {\""unit_amount\"": 0, \""currency\"": \""USD\"", \""display_string\"": \""None0.00\"", \""decimal_places\"": 2, \""sign\"": null, \""symbol\"": null}, \""non_discount_item_price\"": {\""unit_amount\"": 0, \""currency\"": \""USD\"", \""display_string\"": \""None0.00\"", \""decimal_places\"": 2, \""sign\"": null, \""symbol\"": null}, \""sold_by_weight\"": false, \""confidence_score\"": 1.0}, {\""merchant_supplied_id\"": \""71604651\"", \""display_name\"": \""Tina's Beef & Bean Green Chili Burrito (4 oz)\"", \""ocr_description\"": \""TINAS BF & BEAN BR\"", \""quantity\"": {\""value\"": 2.0}, \""price_per_unit\"": {\""unit_amount\"": 59, \""currency\"": \""USD\"", \""display_string\"": \""None0.59\"", \""decimal_places\"": 2, \""sign\"": null, \""symbol\"": null}, \""item_price\"": {\""unit_amount\"": 118, \""currency\"": \""USD\"", \""display_string\"": \""None1.18\"", \""decimal_places\"": 2, \""sign\"": null, \""symbol\"": null}, \""non_discount_price_per_unit\"": {\""unit_amount\"": 69, \""currency\"": \""USD\"", \""display_string\"": \""None0.69\"", \""decimal_places\"": 2, \""sign\"": null, \""symbol\"": null}, \""non_discount_item_price\"": {\""unit_amount\"": 138, \""currency\"": \""USD\"", \""display_string\"": \""None1.38\"", \""decimal_places\"": 2, \""sign\"": null, \""symbol\"": null}, \""sold_by_weight\"": false, \""confidence_score\"": 1.0}, {\""merchant_supplied_id\"": \""71604653\"", \""display_name\"": \""Tina's Red Hot Beef Burrito (4 oz)\"", \""ocr_description\"": \""TINAS HOT BEEF BUR\"", \""quantity\"": {\""value\"": 2.0}, \""price_per_unit\"": {\""unit_amount\"": 59, \""currency\"": \""USD\"", \""display_string\"": \""None0.59\"", \""decimal_places\"": 2, \""sign\"": null, \""symbol\"": null}, \""item_price\"": {\""unit_amount\"": 118, \""currency\"": \""USD\"", \""display_string\"": \""None1.18\"", \""decimal_places\"": 2, \""sign\"": null, \""symbol\"": null}, \""non_discount_price_per_unit\"": {\""unit_amount\"": 69, \""currency\"": \""USD\"", \""display_string\"": \""None0.69\"", \""decimal_places\"": 2, \""sign\"": null, \""symbol\"": null}, \""non_discount_item_price\"": {\""unit_amount\"": 138, \""currency\"": \""USD\"", \""display_string\"": \""None1.38\"", \""decimal_places\"": 2, \""sign\"": null, \""symbol\"": null}, \""sold_by_weight\"": false, \""confidence_score\"": 1.0}, {\""merchant_supplied_id\"": \""30901341\"", \""display_name\"": \""Oberto Original Beef Jerky (2.7 oz)\"", \""ocr_description\"": \""BEEF FOR STIR FRY/\"", \""quantity\"": {\""value\"": 1.0}, \""price_per_unit\"": {\""unit_amount\"": 539, \""currency\"": \""USD\"", \""display_string\"": \""None5.39\"", \""decimal_places\"": 2, \""sign\"": null, \""symbol\"": null}, \""item_price\"": {\""unit_amount\"": 539, \""currency\"": \""USD\"", \""display_string\"": \""None5.39\"", \""decimal_places\"": 2, \""sign\"": null, \""symbol\"": null}, \""non_discount_price_per_unit\"": {\""unit_amount\"": 593, \""currency\"": \""USD\"", \""display_string\"": \""None5.93\"", \""decimal_places\"": 2, \""sign\"": null, \""symbol\"": null}, \""non_discount_item_price\"": {\""unit_amount\"": 593, \""currency\"": \""USD\"", \""display_string\"": \""None5.93\"", \""decimal_places\"": 2, \""sign\"": null, \""symbol\"": null}, \""sold_by_weight\"": false, \""confidence_score\"": 1.0}, {\""merchant_supplied_id\"": \""10301087\"", \""display_name\"": \""Raley's Center Cut Bone-in Loin Pork Chops (pack)\"", \""ocr_description\"": \""PORK LOIN CNTR CHP\"", \""quantity\"": {\""value\"": 1.0}, \""price_per_unit\"": {\""unit_amount\"": 679, \""currency\"": \""USD\"", \""display_string\"": \""None6.79\"", \""decimal_places\"": 2, \""sign\"": null, \""symbol\"": null}, \""item_price\"": {\""unit_amount\"": 679, \""currency\"": \""USD\"", \""display_string\"": \""None6.79\"", \""decimal_places\"": 2, \""sign\"": null, \""symbol\"": null}, \""non_discount_price_per_unit\"": {\""unit_amount\"": 815, \""currency\"": \""USD\"", \""display_string\"": \""None8.15\"", \""decimal_places\"": 2, \""sign\"": null, \""symbol\"": null}, \""non_discount_item_price\"": {\""unit_amount\"": 815, \""currency\"": \""USD\"", \""display_string\"": \""None8.15\"", \""decimal_places\"": 2, \""sign\"": null, \""symbol\"": null}, \""sold_by_weight\"": false, \""confidence_score\"": 1.0}, {\""merchant_supplied_id\"": \""10301085\"", \""display_name\"": \""Raley's Pork Loin Bone-In Rib Chops Center Cut (pack)\"", \""ocr_description\"": \""PORK LOIN RIB CHPS\"", \""quantity\"": {\""value\"": 1.0}, \""price_per_unit\"": {\""unit_amount\"": 1183, \""currency\"": \""USD\"", \""display_string\"": \""None11.83\"", \""decimal_places\"": 2, \""sign\"": null, \""symbol\"": null}, \""item_price\"": {\""unit_amount\"": 1183, \""currency\"": \""USD\"", \""display_string\"": \""None11.83\"", \""decimal_places\"": 2, \""sign\"": null, \""symbol\"": null}, \""non_discount_price_per_unit\"": {\""unit_amount\"": 1420, \""currency\"": \""USD\"", \""display_string\"": \""None14.20\"", \""decimal_places\"": 2, \""sign\"": null, \""symbol\"": null}, \""non_discount_item_price\"": {\""unit_amount\"": 1420, \""currency\"": \""USD\"", \""display_string\"": \""None14.20\"", \""decimal_places\"": 2, \""sign\"": null, \""symbol\"": null}, \""sold_by_weight\"": false, \""confidence_score\"": 1.0}, {\""merchant_supplied_id\"": \""10320276\"", \""display_name\"": \""Raley's Purely Made Organic Boneless Skinless Thin Sliced Chicken Breast Fillets\"", \""ocr_description\"": \""RALEYS ORG THIN BN\"", \""quantity\"": {\""value\"": 1.0}, \""price_per_unit\"": {\""unit_amount\"": 1858, \""currency\"": \""USD\"", \""display_string\"": \""None18.58\"", \""decimal_places\"": 2, \""sign\"": null, \""symbol\"": null}, \""item_price\"": {\""unit_amount\"": 1858, \""currency\"": \""USD\"", \""display_string\"": \""None18.58\"", \""decimal_places\"": 2, \""sign\"": null, \""symbol\"": null}, \""non_discount_price_per_unit\"": {\""unit_amount\"": 0, \""currency\"": \""USD\"", \""display_string\"": \""None0.00\"", \""decimal_places\"": 2, \""sign\"": null, \""symbol\"": null}, \""non_discount_item_price\"": {\""unit_amount\"": 0, \""currency\"": \""USD\"", \""display_string\"": \""None0.00\"", \""decimal_places\"": 2, \""sign\"": null, \""symbol\"": null}, \""sold_by_weight\"": false, \""confidence_score\"": 1.0}, {\""merchant_supplied_id\"": \""10700219\"", \""display_name\"": \""Jumbo Artichoke\"", \""ocr_description\"": \""ARTICHOKES JUMBO\"", \""quantity\"": {\""value\"": 2.0}, \""price_per_unit\"": {\""unit_amount\"": 369, \""currency\"": \""USD\"", \""display_string\"": \""None3.69\"", \""decimal_places\"": 2, \""sign\"": null, \""symbol\"": null}, \""item_price\"": {\""unit_amount\"": 738, \""currency\"": \""USD\"", \""display_string\"": \""None7.38\"", \""decimal_places\"": 2, \""sign\"": null, \""symbol\"": null}, \""non_discount_price_per_unit\"": {\""unit_amount\"": 0, \""currency\"": \""USD\"", \""display_string\"": \""None0.00\"", \""decimal_places\"": 2, \""sign\"": null, \""symbol\"": null}, \""non_discount_item_price\"": {\""unit_amount\"": 0, \""currency\"": \""USD\"", \""display_string\"": \""None0.00\"", \""decimal_places\"": 2, \""sign\"": null, \""symbol\"": null}, \""sold_by_weight\"": false, \""confidence_score\"": 1.0}, {\""merchant_supplied_id\"": \""10700220\"", \""display_name\"": \""Fresh Green Asparagus (bunch)\"", \""ocr_description\"": \""ASPARAGUS-GREEN\"", \""quantity\"": {\""value\"": 0.72}, \""price_per_unit\"": {\""unit_amount\"": 499, \""currency\"": \""USD\"", \""display_string\"": \""None4.99\"", \""decimal_places\"": 2, \""sign\"": null, \""symbol\"": null}, \""item_price\"": {\""unit_amount\"": 359, \""currency\"": \""USD\"", \""display_string\"": \""None3.59\"", \""decimal_places\"": 2, \""sign\"": null, \""symbol\"": null}, \""non_discount_price_per_unit\"": {\""unit_amount\"": 0, \""currency\"": \""USD\"", \""display_string\"": \""None0.00\"", \""decimal_places\"": 2, \""sign\"": null, \""symbol\"": null}, \""non_discount_item_price\"": {\""unit_amount\"": 0, \""currency\"": \""USD\"", \""display_string\"": \""None0.00\"", \""decimal_places\"": 2, \""sign\"": null, \""symbol\"": null}, \""sold_by_weight\"": true, \""confidence_score\"": 1.0}, {\""merchant_supplied_id\"": \""10700402\"", \""display_name\"": \""Crown Broccoli\"", \""ocr_description\"": \""BROCCOLI CROWNS\"", \""quantity\"": {\""value\"": 0.85}, \""price_per_unit\"": {\""unit_amount\"": 295, \""currency\"": \""USD\"", \""display_string\"": \""None2.95\"", \""decimal_places\"": 2, \""sign\"": null, \""symbol\"": null}, \""item_price\"": {\""unit_amount\"": 251, \""currency\"": \""USD\"", \""display_string\"": \""None2.51\"", \""decimal_places\"": 2, \""sign\"": null, \""symbol\"": null}, \""non_discount_price_per_unit\"": {\""unit_amount\"": 0, \""currency\"": \""USD\"", \""display_string\"": \""None0.00\"", \""decimal_places\"": 2, \""sign\"": null, \""symbol\"": null}, \""non_discount_item_price\"": {\""unit_amount\"": 0, \""currency\"": \""USD\"", \""display_string\"": \""None0.00\"", \""decimal_places\"": 2, \""sign\"": null, \""symbol\"": null}, \""sold_by_weight\"": true, \""confidence_score\"": 1.0}, {\""merchant_supplied_id\"": \""10702050\"", \""display_name\"": \""English Cucumber\"", \""ocr_description\"": \""ENGLISH CUCUMBER\"", \""quantity\"": {\""value\"": 1.0}, \""price_per_unit\"": {\""unit_amount\"": 200, \""currency\"": \""USD\"", \""display_string\"": \""None2.00\"", \""decimal_places\"": 2, \""sign\"": null, \""symbol\"": null}, \""item_price\"": {\""unit_amount\"": 200, \""currency\"": \""USD\"", \""display_string\"": \""None2.00\"", \""decimal_places\"": 2, \""sign\"": null, \""symbol\"": null}, \""non_discount_price_per_unit\"": {\""unit_amount\"": 0, \""currency\"": \""USD\"", \""display_string\"": \""None0.00\"", \""decimal_places\"": 2, \""sign\"": null, \""symbol\"": null}, \""non_discount_item_price\"": {\""unit_amount\"": 0, \""currency\"": \""USD\"", \""display_string\"": \""None0.00\"", \""decimal_places\"": 2, \""sign\"": null, \""symbol\"": null}, \""sold_by_weight\"": false, \""confidence_score\"": 1.0}, {\""merchant_supplied_id\"": \""10701090\"", \""display_name\"": \""Green Onions (bunch)\"", \""ocr_description\"": \""ONION - GREEN\"", \""quantity\"": {\""value\"": 1.0}, \""price_per_unit\"": {\""unit_amount\"": 148, \""currency\"": \""USD\"", \""display_string\"": \""None1.48\"", \""decimal_places\"": 2, \""sign\"": null, \""symbol\"": null}, \""item_price\"": {\""unit_amount\"": 148, \""currency\"": \""USD\"", \""display_string\"": \""None1.48\"", \""decimal_places\"": 2, \""sign\"": null, \""symbol\"": null}, \""non_discount_price_per_unit\"": {\""unit_amount\"": 0, \""currency\"": \""USD\"", \""display_string\"": \""None0.00\"", \""decimal_places\"": 2, \""sign\"": null, \""symbol\"": null}, \""non_discount_item_price\"": {\""unit_amount\"": 0, \""currency\"": \""USD\"", \""display_string\"": \""None0.00\"", \""decimal_places\"": 2, \""sign\"": null, \""symbol\"": null}, \""sold_by_weight\"": false, \""confidence_score\"": 1.0}, {\""merchant_supplied_id\"": \""10701120\"", \""display_name\"": \""White Onion (each)\"", \""ocr_description\"": \""ONION WHITE\"", \""quantity\"": {\""value\"": 0.51}, \""price_per_unit\"": {\""unit_amount\"": 249, \""currency\"": \""USD\"", \""display_string\"": \""None2.49\"", \""decimal_places\"": 2, \""sign\"": null, \""symbol\"": null}, \""item_price\"": {\""unit_amount\"": 127, \""currency\"": \""USD\"", \""display_string\"": \""None1.27\"", \""decimal_places\"": 2, \""sign\"": null, \""symbol\"": null}, \""non_discount_price_per_unit\"": {\""unit_amount\"": 0, \""currency\"": \""USD\"", \""display_string\"": \""None0.00\"", \""decimal_places\"": 2, \""sign\"": null, \""symbol\"": null}, \""non_discount_item_price\"": {\""unit_amount\"": 0, \""currency\"": \""USD\"", \""display_string\"": \""None0.00\"", \""decimal_places\"": 2, \""sign\"": null, \""symbol\"": null}, \""sold_by_weight\"": true, \""confidence_score\"": 1.0}, {\""merchant_supplied_id\"": \""10702184\"", \""display_name\"": \""Raley's Baby Spinach (5 oz)\"", \""ocr_description\"": \""RALEY'S BABY SPINA\"", \""quantity\"": {\""value\"": 1.0}, \""price_per_unit\"": {\""unit_amount\"": 388, \""currency\"": \""USD\"", \""display_string\"": \""None3.88\"", \""decimal_places\"": 2, \""sign\"": null, \""symbol\"": null}, \""item_price\"": {\""unit_amount\"": 388, \""currency\"": \""USD\"", \""display_string\"": \""None3.88\"", \""decimal_places\"": 2, \""sign\"": null, \""symbol\"": null}, \""non_discount_price_per_unit\"": {\""unit_amount\"": 0, \""currency\"": \""USD\"", \""display_string\"": \""None0.00\"", \""decimal_places\"": 2, \""sign\"": null, \""symbol\"": null}, \""non_discount_item_price\"": {\""unit_amount\"": 0, \""currency\"": \""USD\"", \""display_string\"": \""None0.00\"", \""decimal_places\"": 2, \""sign\"": null, \""symbol\"": null}, \""sold_by_weight\"": false, \""confidence_score\"": 1.0}, {\""merchant_supplied_id\"": \""10701222\"", \""display_name\"": \""Tree Ripe Peaches\"", \""ocr_description\"": \""YELLOW PEACH\"", \""quantity\"": {\""value\"": 1.4}, \""price_per_unit\"": {\""unit_amount\"": 399, \""currency\"": \""USD\"", \""display_string\"": \""None3.99\"", \""decimal_places\"": 2, \""sign\"": null, \""symbol\"": null}, \""item_price\"": {\""unit_amount\"": 559, \""currency\"": \""USD\"", \""display_string\"": \""None5.59\"", \""decimal_places\"": 2, \""sign\"": null, \""symbol\"": null}, \""non_discount_price_per_unit\"": {\""unit_amount\"": 0, \""currency\"": \""USD\"", \""display_string\"": \""None0.00\"", \""decimal_places\"": 2, \""sign\"": null, \""symbol\"": null}, \""non_discount_item_price\"": {\""unit_amount\"": 0, \""currency\"": \""USD\"", \""display_string\"": \""None0.00\"", \""decimal_places\"": 2, \""sign\"": null, \""symbol\"": null}, \""sold_by_weight\"": true, \""confidence_score\"": 1.0}, {\""merchant_supplied_id\"": \""10421722\"", \""display_name\"": \""Jones Dairy Farm Center Cut Hickory Smoked Pork Loin Canadian Bacon (6 oz)\"", \""ocr_description\"": \""CANADN BACN\"", \""quantity\"": {\""value\"": 1.0}, \""price_per_unit\"": {\""unit_amount\"": 499, \""currency\"": \""USD\"", \""display_string\"": \""None4.99\"", \""decimal_places\"": 2, \""sign\"": null, \""symbol\"": null}, \""item_price\"": {\""unit_amount\"": 499, \""currency\"": \""USD\"", \""display_string\"": \""None4.99\"", \""decimal_places\"": 2, \""sign\"": null, \""symbol\"": null}, \""non_discount_price_per_unit\"": {\""unit_amount\"": 0, \""currency\"": \""USD\"", \""display_string\"": \""None0.00\"", \""decimal_places\"": 2, \""sign\"": null, \""symbol\"": null}, \""non_discount_item_price\"": {\""unit_amount\"": 0, \""currency\"": \""USD\"", \""display_string\"": \""None0.00\"", \""decimal_places\"": 2, \""sign\"": null, \""symbol\"": null}, \""sold_by_weight\"": false, \""confidence_score\"": 1.0}, {\""merchant_supplied_id\"": \""10534104\"", \""display_name\"": \""Raley's Homestyle Macaroni Salad (1 lb)\"", \""ocr_description\"": \""HOMESTYLE MACARONI\"", \""quantity\"": {\""value\"": 1.0}, \""price_per_unit\"": {\""unit_amount\"": 347, \""currency\"": \""USD\"", \""display_string\"": \""None3.47\"", \""decimal_places\"": 2, \""sign\"": null, \""symbol\"": null}, \""item_price\"": {\""unit_amount\"": 347, \""currency\"": \""USD\"", \""display_string\"": \""None3.47\"", \""decimal_places\"": 2, \""sign\"": null, \""symbol\"": null}, \""non_discount_price_per_unit\"": {\""unit_amount\"": 0, \""currency\"": \""USD\"", \""display_string\"": \""None0.00\"", \""decimal_places\"": 2, \""sign\"": null, \""symbol\"": null}, \""non_discount_item_price\"": {\""unit_amount\"": 0, \""currency\"": \""USD\"", \""display_string\"": \""None0.00\"", \""decimal_places\"": 2, \""sign\"": null, \""symbol\"": null}, \""sold_by_weight\"": false, \""confidence_score\"": 1.0}, {\""merchant_supplied_id\"": \""10511145\"", \""display_name\"": \""Nob Hill Grated Parmesan Cheese (5 oz)\"", \""ocr_description\"": \""NHTC GRATED PARMES\"", \""quantity\"": {\""value\"": 1.0}, \""price_per_unit\"": {\""unit_amount\"": 398, \""currency\"": \""USD\"", \""display_string\"": \""None3.98\"", \""decimal_places\"": 2, \""sign\"": null, \""symbol\"": null}, \""item_price\"": {\""unit_amount\"": 398, \""currency\"": \""USD\"", \""display_string\"": \""None3.98\"", \""decimal_places\"": 2, \""sign\"": null, \""symbol\"": null}, \""non_discount_price_per_unit\"": {\""unit_amount\"": 0, \""currency\"": \""USD\"", \""display_string\"": \""None0.00\"", \""decimal_places\"": 2, \""sign\"": null, \""symbol\"": null}, \""non_discount_item_price\"": {\""unit_amount\"": 0, \""currency\"": \""USD\"", \""display_string\"": \""None0.00\"", \""decimal_places\"": 2, \""sign\"": null, \""symbol\"": null}, \""sold_by_weight\"": false, \""confidence_score\"": 1.0}, {\""merchant_supplied_id\"": \""10500307\"", \""display_name\"": \""Raley's Country Potato Salad (16 oz)\"", \""ocr_description\"": \""RALEY S COUNTRY PO\"", \""quantity\"": {\""value\"": 1.0}, \""price_per_unit\"": {\""unit_amount\"": 599, \""currency\"": \""USD\"", \""display_string\"": \""None5.99\"", \""decimal_places\"": 2, \""sign\"": null, \""symbol\"": null}, \""item_price\"": {\""unit_amount\"": 599, \""currency\"": \""USD\"", \""display_string\"": \""None5.99\"", \""decimal_places\"": 2, \""sign\"": null, \""symbol\"": null}, \""non_discount_price_per_unit\"": {\""unit_amount\"": 0, \""currency\"": \""USD\"", \""display_string\"": \""None0.00\"", \""decimal_places\"": 2, \""sign\"": null, \""symbol\"": null}, \""non_discount_item_price\"": {\""unit_amount\"": 0, \""currency\"": \""USD\"", \""display_string\"": \""None0.00\"", \""decimal_places\"": 2, \""sign\"": null, \""symbol\"": null}, \""sold_by_weight\"": false, \""confidence_score\"": 1.0}, {\""merchant_supplied_id\"": \""10500327\"", \""display_name\"": \""Raley's Pesto Pasta Salad (7.2 oz)\"", \""ocr_description\"": \""RALEY S PESTO PAST\"", \""quantity\"": {\""value\"": 1.0}, \""price_per_unit\"": {\""unit_amount\"": 599, \""currency\"": \""USD\"", \""display_string\"": \""None5.99\"", \""decimal_places\"": 2, \""sign\"": null, \""symbol\"": null}, \""item_price\"": {\""unit_amount\"": 599, \""currency\"": \""USD\"", \""display_string\"": \""None5.99\"", \""decimal_places\"": 2, \""sign\"": null, \""symbol\"": null}, \""non_discount_price_per_unit\"": {\""unit_amount\"": 0, \""currency\"": \""USD\"", \""display_string\"": \""None0.00\"", \""decimal_places\"": 2, \""sign\"": null, \""symbol\"": null}, \""non_discount_item_price\"": {\""unit_amount\"": 0, \""currency\"": \""USD\"", \""display_string\"": \""None0.00\"", \""decimal_places\"": 2, \""sign\"": null, \""symbol\"": null}, \""sold_by_weight\"": false, \""confidence_score\"": 1.0}, {\""merchant_supplied_id\"": \""10301301\"", \""display_name\"": \""Raley's Fajita Beef (pack)\"", \""ocr_description\"": \""RALEYS FARM RAISED\"", \""quantity\"": {\""value\"": 1.0}, \""price_per_unit\"": {\""unit_amount\"": 799, \""currency\"": \""USD\"", \""display_string\"": \""None7.99\"", \""decimal_places\"": 2, \""sign\"": null, \""symbol\"": null}, \""item_price\"": {\""unit_amount\"": 799, \""currency\"": \""USD\"", \""display_string\"": \""None7.99\"", \""decimal_places\"": 2, \""sign\"": null, \""symbol\"": null}, \""non_discount_price_per_unit\"": {\""unit_amount\"": 0, \""currency\"": \""USD\"", \""display_string\"": \""None0.00\"", \""decimal_places\"": 2, \""sign\"": null, \""symbol\"": null}, \""non_discount_item_price\"": {\""unit_amount\"": 0, \""currency\"": \""USD\"", \""display_string\"": \""None0.00\"", \""decimal_places\"": 2, \""sign\"": null, \""symbol\"": null}, \""sold_by_weight\"": false, \""confidence_score\"": 1.0}]""
  },
  {
    ""key"": ""bag_fee_info"",
    ""value"": ""{\""quantity\"": {\""value\"": 0}, \""price_per_unit\"": {\""unit_amount\"": 0, \""currency\"": \""USD\"", \""display_string\"": \""None0.00\"", \""decimal_places\"": 2, \""sign\"": null, \""symbol\"": null}, \""item_price\"": {\""unit_amount\"": 0, \""currency\"": \""USD\"", \""display_string\"": \""None0.00\"", \""decimal_places\"": 2, \""sign\"": null, \""symbol\"": null}, \""confidence_score\"": 1.0}""
  },
  {
    ""key"": ""blink_items_df"",
    ""value"": ""{\""ocr_description\"": {\""0\"": \""AJAY S JERKY\"", \""1\"": \""BERTOLLI ALFREDO\"", \""2\"": \""KERRYGOLD SLT BTTR\"", \""3\"": \""OBERTO NATURAL STY\"", \""4\"": \""RALEY S LG AA CG F\"", \""5\"": \""THOMAS ENG MUFFIN\"", \""6\"": \""TINAS BF & BEAN BR\"", \""7\"": \""TINAS HOT BEEF BUR\"", \""8\"": \""BEEF FOR STIR FRY/\"", \""9\"": \""PORK LOIN CNTR CHP\"", \""10\"": \""PORK LOIN RIB CHPS\"", \""11\"": \""RALEYS ORG THIN BN\"", \""12\"": \""ARTICHOKES JUMBO\"", \""13\"": \""ASPARAGUS-GREEN\"", \""14\"": \""BROCCOLI CROWNS\"", \""15\"": \""ENGLISH CUCUMBER\"", \""16\"": \""ONION - GREEN\"", \""17\"": \""ONION WHITE\"", \""18\"": \""RALEY'S BABY SPINA\"", \""19\"": \""YELLOW PEACH\"", \""20\"": \""CANADN BACN\"", \""21\"": \""HOMESTYLE MACARONI\"", \""22\"": \""NHTC GRATED PARMES\"", \""23\"": \""RALEY S COUNTRY PO\"", \""24\"": \""RALEY S PESTO PAST\"", \""25\"": \""RALEYS FARM RAISED\"", \""26\"": \""discount_cents\"", \""27\"": \""subtotal_cents\"", \""28\"": \""total_tax_cents\"", \""29\"": \""total_cents\""}, \""quantity\"": {\""0\"": 1.0, \""1\"": 1.0, \""2\"": 1.0, \""3\"": 1.0, \""4\"": 1.0, \""5\"": 1.0, \""6\"": 2.0, \""7\"": 2.0, \""8\"": 1.0, \""9\"": 1.0, \""10\"": 1.0, \""11\"": 1.0, \""12\"": 2.0, \""13\"": 0.72, \""14\"": 0.85, \""15\"": 1.0, \""16\"": 1.0, \""17\"": 0.51, \""18\"": 1.0, \""19\"": 1.4, \""20\"": 1.0, \""21\"": 1.0, \""22\"": 1.0, \""23\"": 1.0, \""24\"": 1.0, \""25\"": 1.0, \""26\"": NaN, \""27\"": NaN, \""28\"": NaN, \""29\"": NaN}, \""price_per_unit_cents\"": {\""0\"": 1249.0, \""1\"": 479.0, \""2\"": 599.0, \""3\"": 699.0, \""4\"": 798.0, \""5\"": 529.0, \""6\"": 59.0, \""7\"": 59.0, \""8\"": 539.0, \""9\"": 679.0, \""10\"": 1183.0, \""11\"": 1858.0, \""12\"": 369.0, \""13\"": 499.0, \""14\"": 295.0, \""15\"": 200.0, \""16\"": 148.0, \""17\"": 249.0, \""18\"": 388.0, \""19\"": 399.0, \""20\"": 499.0, \""21\"": 347.0, \""22\"": 398.0, \""23\"": 599.0, \""24\"": 599.0, \""25\"": 799.0, \""26\"": NaN, \""27\"": NaN, \""28\"": NaN, \""29\"": NaN}, \""item_price_cents\"": {\""0\"": 1249, \""1\"": 479, \""2\"": 599, \""3\"": 699, \""4\"": 798, \""5\"": 529, \""6\"": 118, \""7\"": 118, \""8\"": 539, \""9\"": 679, \""10\"": 1183, \""11\"": 1858, \""12\"": 738, \""13\"": 359, \""14\"": 251, \""15\"": 200, \""16\"": 148, \""17\"": 127, \""18\"": 388, \""19\"": 559, \""20\"": 499, \""21\"": 347, \""22\"": 398, \""23\"": 599, \""24\"": 599, \""25\"": 799, \""26\"": 0, \""27\"": 14859, \""28\"": 0, \""29\"": 14859}}""
  },
  {
    ""key"": ""input_swipe_amount"",
    ""value"": ""14859""
  },
  {
    ""key"": ""is_legible"",
    ""value"": ""true""
  },
  {
    ""key"": ""input_item_info"",
    ""value"": ""[{\""merchant_supplied_id\"": \""10534104\"", \""display_name\"": \""Raley's Homestyle Macaroni Salad (1 lb)\"", \""scanned_barcode\"": null}, {\""merchant_supplied_id\"": \""10320276\"", \""display_name\"": \""Raley's Purely Made Organic Boneless Skinless Thin Sliced Chicken Breast Fillets\"", \""scanned_barcode\"": {\""code\"": \""230778418589\"", \""format\"": \""UPCA\""}}, {\""merchant_supplied_id\"": \""30009075\"", \""display_name\"": \""Raley's Grade AA Large Eggs Cage Free (18 ct)\"", \""scanned_barcode\"": {\""code\"": \""046567033280\"", \""format\"": \""UPCA\""}}, {\""merchant_supplied_id\"": \""10702050\"", \""display_name\"": \""English Cucumber\"", \""scanned_barcode\"": null}, {\""merchant_supplied_id\"": \""10500327\"", \""display_name\"": \""Raley's Pesto Pasta Salad (7.2 oz)\"", \""scanned_barcode\"": {\""code\"": \""046567510859\"", \""format\"": \""UPCA\""}}, {\""merchant_supplied_id\"": \""10701120\"", \""display_name\"": \""White Onion (each)\"", \""scanned_barcode\"": null}, {\""merchant_supplied_id\"": \""10700220\"", \""display_name\"": \""Fresh Green Asparagus (bunch)\"", \""scanned_barcode\"": null}, {\""merchant_supplied_id\"": \""480065449\"", \""display_name\"": \""Ajay's Montana Bananas Original Peppered Cowboy Dry Beef Jerky (3.25 oz)\"", \""scanned_barcode\"": {\""code\"": \""032233000045\"", \""format\"": \""UPCA\""}}, {\""merchant_supplied_id\"": \""30055756\"", \""display_name\"": \""Thomas' Original Nooks & Crannies English Muffins (2.16 oz x 6 ct)\"", \""scanned_barcode\"": {\""code\"": \""048121102081\"", \""format\"": \""UPCA\""}}, {\""merchant_supplied_id\"": \""10701090\"", \""display_name\"": \""Green Onions (bunch)\"", \""scanned_barcode\"": null}, {\""merchant_supplied_id\"": \""10301087\"", \""display_name\"": \""Raley's Center Cut Bone-in Loin Pork Chops (pack)\"", \""scanned_barcode\"": {\""code\"": \""233313906794\"", \""format\"": \""UPCA\""}}, {\""merchant_supplied_id\"": \""71604651\"", \""display_name\"": \""Tina's Beef & Bean Green Chili Burrito (4 oz)\"", \""scanned_barcode\"": {\""code\"": \""079606010355\"", \""format\"": \""UPCA\""}}, {\""merchant_supplied_id\"": \""10511145\"", \""display_name\"": \""Nob Hill Grated Parmesan Cheese (5 oz)\"", \""scanned_barcode\"": {\""code\"": \""046567503264\"", \""format\"": \""UPCA\""}}, {\""merchant_supplied_id\"": \""10152601\"", \""display_name\"": \""Kerrygold Grass-Fed Salted Pure Irish Butter (8 oz)\"", \""scanned_barcode\"": {\""code\"": \""767707001067\"", \""format\"": \""UPCA\""}}, {\""merchant_supplied_id\"": \""10300795\"", \""display_name\"": \""Raley's Sea Rock Shrimp Ring (10 oz)\"", \""scanned_barcode\"": {\""code\"": \""046567500416\"", \""format\"": \""UPCA\""}}, {\""merchant_supplied_id\"": \""60618857\"", \""display_name\"": \""Bertolli Alfredo Sauce (15 oz)\"", \""scanned_barcode\"": {\""code\"": \""036200219294\"", \""format\"": \""UPCA\""}}, {\""merchant_supplied_id\"": \""10701222\"", \""display_name\"": \""Tree Ripe Peaches\"", \""scanned_barcode\"": null}, {\""merchant_supplied_id\"": \""10301301\"", \""display_name\"": \""Raley's Fajita Beef (pack)\"", \""scanned_barcode\"": {\""code\"": \""231517705397\"", \""format\"": \""UPCA\""}}, {\""merchant_supplied_id\"": \""71604653\"", \""display_name\"": \""Tina's Red Hot Beef Burrito (4 oz)\"", \""scanned_barcode\"": {\""code\"": \""079606010157\"", \""format\"": \""UPCA\""}}, {\""merchant_supplied_id\"": \""30901341\"", \""display_name\"": \""Oberto Original Beef Jerky (2.7 oz)\"", \""scanned_barcode\"": {\""code\"": \""070411613021\"", \""format\"": \""UPCA\""}}, {\""merchant_supplied_id\"": \""10702184\"", \""display_name\"": \""Raley's Baby Spinach (5 oz)\"", \""scanned_barcode\"": {\""code\"": \""046567718774\"", \""format\"": \""UPCA\""}}, {\""merchant_supplied_id\"": \""10700219\"", \""display_name\"": \""Jumbo Artichoke\"", \""scanned_barcode\"": null}, {\""merchant_supplied_id\"": \""10301085\"", \""display_name\"": \""Raley's Pork Loin Bone-In Rib Chops Center Cut (pack)\"", \""scanned_barcode\"": {\""code\"": \""233298611836\"", \""format\"": \""UPCA\""}}, {\""merchant_supplied_id\"": \""10700402\"", \""display_name\"": \""Crown Broccoli\"", \""scanned_barcode\"": null}, {\""merchant_supplied_id\"": \""10421722\"", \""display_name\"": \""Jones Dairy Farm Center Cut Hickory Smoked Pork Loin Canadian Bacon (6 oz)\"", \""scanned_barcode\"": {\""code\"": \""033900000856\"", \""format\"": \""UPCA\""}}, {\""merchant_supplied_id\"": \""10500307\"", \""display_name\"": \""Raley's Country Potato Salad (16 oz)\"", \""scanned_barcode\"": {\""code\"": \""046567510804\"", \""format\"": \""UPCA\""}}]""
  },
  {
    ""key"": ""url"",
    ""value"": ""\""https://img.cdn4dd.com/cdn-cgi/image/format=auto/https://doordash-static.s3.amazonaws.com/media/photosV2/684dfd53-72b2-4e05-8456-f7b65507186d-retina-large.jpeg\""""
  },
  {
    ""key"": ""sanity_checks"",
    ""value"": ""{\""swipe_match\"": true, \""subtotal_match\"": true, \""tax_match\"": true, \""items_length_match\"": true, \""ok_ocr_name_deduping\"": true, \""item_price_reasonableness\"": true, \""weights_look_ok\"": true, \""bag_fee_max_price\"": true, \""bottle_fee_max_price\"": true, \""bag_fee_max_count\"": true, \""bottle_fee_max_count\"": true, \""tax_vs_subtotal_sanity_check\"": true, \""has_no_unknown_items\"": true, \""has_no_missing_items\"": true, \""delivery_discounts_are_nonzero\"": true}""
  },
  {
    ""key"": ""bottle_fee_info"",
    ""value"": ""{\""quantity\"": {\""value\"": 0}, \""price_per_unit\"": {\""unit_amount\"": 0, \""currency\"": \""USD\"", \""display_string\"": \""None0.00\"", \""decimal_places\"": 2, \""sign\"": null, \""symbol\"": null}, \""item_price\"": {\""unit_amount\"": 0, \""currency\"": \""USD\"", \""display_string\"": \""None0.00\"", \""decimal_places\"": 2, \""sign\"": null, \""symbol\"": null}, \""confidence_score\"": 1.0}""
  },
  {
    ""key"": ""delivery_uuid"",
    ""value"": ""\""8c637a5a-d7c7-3001-b35a-90481029235b\""""
  },
  {
    ""key"": ""missing_item_info"",
    ""value"": ""[]""
  },
  {
    ""key"": ""tax_amount"",
    ""value"": ""{\""money\"": {\""unit_amount\"": 0, \""currency\"": \""USD\"", \""display_string\"": \""None0.00\"", \""decimal_places\"": 2, \""sign\"": null, \""symbol\"": null}, \""confidence_score\"": 1.0}""
  },
  {
    ""key"": ""confidence_score"",
    ""value"": ""1.0""
  },
  {
    ""key"": ""raw_blink_receipt"",
    ""value"": ""{\""banner_id\"": 153, \""cardTypeFromAID\"": true, \""date\"": {\""confidence\"": 99.98454284667969, \""value\"": \""09/07/2024\""}, \""isDigital\"": false, \""isFraudulent\"": false, \""is_blurry\"": false, \""is_instacart_shopper\"": false, \""is_receipt\"": true, \""is_screen\"": false, \""item_confidence\"": 99, \""last4cc\"": {\""confidence\"": 99.8984375, \""value\"": \""1545\""}, \""merchant_confidence\"": 98, \""merchant_name\"": \""Get Something Extra\"", \""ocr_confidence\"": 99.70008850097656, \""paymentMethods\"": [{\""amount\"": {\""confidence\"": 0, \""value\"": 0}, \""cardType\"": {\""confidence\"": 100, \""value\"": \""Mastercard\""}, \""method\"": {\""confidence\"": 100, \""value\"": \""Credit\""}}], \""phones\"": [{\""confidence\"": 99.98761749267578, \""value\"": \""800-925-9989\""}], \""products\"": [{\""infoLines\"": [{\""line\"": 1009, \""text\"": {\""confidence\"": 100, \""value\"": \""Grocery IteMs ------\""}, \""type\"": {\""confidence\"": 100, \""value\"": \""Category\""}}], \""line\"": 1010, \""price\"": {\""confidence\"": 99.78099060058594, \""value\"": 12.49}, \""price_postfix\"": \""F\"", \""qty\"": {\""confidence\"": 0, \""value\"": 1}, \""rsd\"": {\""confidence\"": 99.96345520019531, \""original_case_value\"": \""AJAY S JERKY\"", \""value\"": \""AJAY S JERKY\""}, \""rsd_postfix\"": \"" Q1\"", \""totalPrice\"": {\""confidence\"": 0, \""value\"": 12.49}}, {\""fullPrice\"": {\""confidence\"": 0, \""value\"": 5.49}, \""infoLines\"": [{\""line\"": 1012, \""text\"": {\""confidence\"": 100, \""value\"": \""Regular Price 5.49\""}, \""type\"": {\""confidence\"": 100, \""value\"": \""Full Price\""}}], \""line\"": 1011, \""price\"": {\""confidence\"": 99.903564453125, \""value\"": 4.79}, \""price_postfix\"": \""F\"", \""qty\"": {\""confidence\"": 0, \""value\"": 1}, \""rsd\"": {\""confidence\"": 99.96562957763672, \""original_case_value\"": \""BERTOLLI ALFREDO\"", \""value\"": \""BERTOLLI ALFREDO\""}, \""rsd_postfix\"": \"" Q1\"", \""totalPrice\"": {\""confidence\"": 0, \""value\"": 4.79}}, {\""line\"": 1013, \""price\"": {\""confidence\"": 99.9385757446289, \""value\"": 5.99}, \""price_postfix\"": \""F\"", \""qty\"": {\""confidence\"": 0, \""value\"": 1}, \""rsd\"": {\""confidence\"": 99.8568115234375, \""original_case_value\"": \""KERRYGOLD SLT BTTR\"", \""value\"": \""KERRYGOLD SLT BTTR\""}, \""rsd_postfix\"": \"" Q1\"", \""totalPrice\"": {\""confidence\"": 0, \""value\"": 5.99}}, {\""fullPrice\"": {\""confidence\"": 0, \""value\"": 8.99}, \""infoLines\"": [{\""line\"": 1015, \""text\"": {\""confidence\"": 100, \""value\"": \""Regular Price 8.99\""}, \""type\"": {\""confidence\"": 100, \""value\"": \""Full Price\""}}], \""line\"": 1014, \""price\"": {\""confidence\"": 99.90666961669922, \""value\"": 6.99}, \""price_postfix\"": \""F\"", \""qty\"": {\""confidence\"": 0, \""value\"": 1}, \""rsd\"": {\""confidence\"": 99.91622924804688, \""original_case_value\"": \""OBERTO NATURAL STY\"", \""value\"": \""OBERTO NATURAL STY\""}, \""rsd_postfix\"": \"" Q1\"", \""totalPrice\"": {\""confidence\"": 0, \""value\"": 6.99}}, {\""line\"": 1016, \""price\"": {\""confidence\"": 99.9498519897461, \""value\"": 7.98}, \""price_postfix\"": \""F\"", \""qty\"": {\""confidence\"": 0, \""value\"": 1}, \""rsd\"": {\""confidence\"": 100, \""original_case_value\"": \""RALEYS LG AA CG FR\"", \""value\"": \""RALEY S LG AA CG F\""}, \""rsd_postfix\"": \"" Q1\"", \""totalPrice\"": {\""confidence\"": 0, \""value\"": 7.98}}, {\""line\"": 1017, \""price\"": {\""confidence\"": 99.93404388427734, \""value\"": 5.29}, \""price_postfix\"": \""F\"", \""qty\"": {\""confidence\"": 0, \""value\"": 1}, \""rsd\"": {\""confidence\"": 99.98352813720703, \""original_case_value\"": \""THOMAS ENG MUFFIN\"", \""value\"": \""THOMAS ENG MUFFIN\""}, \""rsd_postfix\"": \"" Q1\"", \""totalPrice\"": {\""confidence\"": 0, \""value\"": 5.29}}, {\""fullPrice\"": {\""confidence\"": 0, \""value\"": 0.69}, \""infoLines\"": [{\""line\"": 1019, \""text\"": {\""confidence\"": 100, \""value\"": \""Regular Price 0.69\""}, \""type\"": {\""confidence\"": 100, \""value\"": \""Full Price\""}}], \""line\"": 1018, \""price\"": {\""confidence\"": 99.8972396850586, \""value\"": 0.59}, \""price_postfix\"": \""F\"", \""qty\"": {\""confidence\"": 0, \""value\"": 1}, \""rsd\"": {\""confidence\"": 99.97003936767578, \""original_case_value\"": \""TINAS BF & BEAN BR\"", \""value\"": \""TINAS BF & BEAN BR\""}, \""rsd_postfix\"": \"" Q1\"", \""totalPrice\"": {\""confidence\"": 0, \""value\"": 0.59}}, {\""fullPrice\"": {\""confidence\"": 0, \""value\"": 0.69}, \""infoLines\"": [{\""line\"": 1021, \""text\"": {\""confidence\"": 100, \""value\"": \""Regular Price 0.69\""}, \""type\"": {\""confidence\"": 100, \""value\"": \""Full Price\""}}], \""line\"": 1020, \""price\"": {\""confidence\"": 99.95719909667969, \""value\"": 0.59}, \""price_postfix\"": \""F\"", \""qty\"": {\""confidence\"": 0, \""value\"": 1}, \""rsd\"": {\""confidence\"": 99.9653091430664, \""original_case_value\"": \""TINAS BF & BEAN BR\"", \""value\"": \""TINAS BF & BEAN BR\""}, \""rsd_postfix\"": \"" Q1\"", \""totalPrice\"": {\""confidence\"": 0, \""value\"": 0.59}}, {\""fullPrice\"": {\""confidence\"": 0, \""value\"": 0.69}, \""infoLines\"": [{\""line\"": 1023, \""text\"": {\""confidence\"": 100, \""value\"": \""Regular Price 0.69\""}, \""type\"": {\""confidence\"": 100, \""value\"": \""Full Price\""}}], \""line\"": 1022, \""price\"": {\""confidence\"": 99.94996643066406, \""value\"": 0.59}, \""price_postfix\"": \""F\"", \""qty\"": {\""confidence\"": 0, \""value\"": 1}, \""rsd\"": {\""confidence\"": 99.96861267089844, \""original_case_value\"": \""TINAS HOT BEEF BUR\"", \""value\"": \""TINAS HOT BEEF BUR\""}, \""rsd_postfix\"": \"" Q1\"", \""totalPrice\"": {\""confidence\"": 0, \""value\"": 0.59}}, {\""fullPrice\"": {\""confidence\"": 0, \""value\"": 0.69}, \""infoLines\"": [{\""line\"": 1025, \""text\"": {\""confidence\"": 100, \""value\"": \""Regular Price 0.69\""}, \""type\"": {\""confidence\"": 100, \""value\"": \""Full Price\""}}], \""line\"": 1024, \""price\"": {\""confidence\"": 99.9613037109375, \""value\"": 0.59}, \""price_postfix\"": \""F\"", \""qty\"": {\""confidence\"": 0, \""value\"": 1}, \""rsd\"": {\""confidence\"": 99.97586059570312, \""original_case_value\"": \""TINAS HOT BEEF BUR\"", \""value\"": \""TINAS HOT BEEF BUR\""}, \""rsd_postfix\"": \"" Q1\"", \""totalPrice\"": {\""confidence\"": 0, \""value\"": 0.59}}, {\""fullPrice\"": {\""confidence\"": 0, \""value\"": 5.93}, \""infoLines\"": [{\""line\"": 1028, \""text\"": {\""confidence\"": 100, \""value\"": \""Regular Price 5.93\""}, \""type\"": {\""confidence\"": 100, \""value\"": \""Full Price\""}}], \""line\"": 1027, \""price\"": {\""confidence\"": 99.96759033203125, \""value\"": 5.39}, \""price_postfix\"": \""F\"", \""qty\"": {\""confidence\"": 0, \""value\"": 1}, \""rsd\"": {\""confidence\"": 99.964111328125, \""original_case_value\"": \""BEEF FOR STIR FRY/\"", \""value\"": \""BEEF FOR STIR FRY/\""}, \""rsd_postfix\"": \"" Q1\"", \""totalPrice\"": {\""confidence\"": 0, \""value\"": 5.39}}, {\""fullPrice\"": {\""confidence\"": 0, \""value\"": 8.15}, \""infoLines\"": [{\""line\"": 1030, \""text\"": {\""confidence\"": 100, \""value\"": \""Regular Price 8.15\""}, \""type\"": {\""confidence\"": 100, \""value\"": \""Full Price\""}}], \""line\"": 1029, \""price\"": {\""confidence\"": 99.98129272460938, \""value\"": 6.79}, \""price_postfix\"": \""F\"", \""qty\"": {\""confidence\"": 0, \""value\"": 1}, \""rsd\"": {\""confidence\"": 99.97219848632812, \""original_case_value\"": \""PORK LOIN CNTR CHP\"", \""value\"": \""PORK LOIN CNTR CHP\""}, \""rsd_postfix\"": \"" Q1\"", \""totalPrice\"": {\""confidence\"": 0, \""value\"": 6.79}}, {\""fullPrice\"": {\""confidence\"": 0, \""value\"": 14.2}, \""infoLines\"": [{\""line\"": 1032, \""text\"": {\""confidence\"": 100, \""value\"": \""Regular Price 14.20\""}, \""type\"": {\""confidence\"": 100, \""value\"": \""Full Price\""}}], \""line\"": 1031, \""price\"": {\""confidence\"": 99.96158599853516, \""value\"": 11.83}, \""price_postfix\"": \""F\"", \""qty\"": {\""confidence\"": 0, \""value\"": 1}, \""rsd\"": {\""confidence\"": 99.95826721191406, \""original_case_value\"": \""PORK LOIN RIB CHPS\"", \""value\"": \""PORK LOIN RIB CHPS\""}, \""rsd_postfix\"": \"" Q1\"", \""totalPrice\"": {\""confidence\"": 0, \""value\"": 11.83}}, {\""infoLines\"": [{\""line\"": 1034, \""text\"": {\""confidence\"": 100, \""value\"": \""Produce Items ------\""}, \""type\"": {\""confidence\"": 100, \""value\"": \""\""}}], \""line\"": 1033, \""price\"": {\""confidence\"": 99.97913360595703, \""value\"": 18.58}, \""price_postfix\"": \""F\"", \""qty\"": {\""confidence\"": 0, \""value\"": 1}, \""rsd\"": {\""confidence\"": 99.96590423583984, \""original_case_value\"": \""RALEYS ORG THIN BN\"", \""value\"": \""RALEYS ORG THIN BN\""}, \""rsd_postfix\"": \"" Q1\"", \""totalPrice\"": {\""confidence\"": 0, \""value\"": 18.58}}, {\""infoLines\"": [{\""line\"": 1036, \""text\"": {\""confidence\"": 100, \""value\"": \""2 @ 1 / 3.69\""}, \""type\"": {\""confidence\"": 100, \""value\"": \""Quantity\""}}], \""line\"": 1035, \""price\"": {\""confidence\"": 99.96142578125, \""value\"": 3.69}, \""price_postfix\"": \""W\"", \""qty\"": {\""confidence\"": 0, \""value\"": 2}, \""rsd\"": {\""confidence\"": 99.96142578125, \""original_case_value\"": \""ARTICHOKES JUMBO\"", \""value\"": \""ARTICHOKES JUMBO\""}, \""rsd_postfix\"": \"" Q2\"", \""totalPrice\"": {\""confidence\"": 0, \""value\"": 7.38}}, {\""infoLines\"": [{\""line\"": 1038, \""text\"": {\""confidence\"": 100, \""value\"": \""0.72 lb @ 1 lb / 4.99\""}, \""type\"": {\""confidence\"": 100, \""value\"": \""Weight\""}}, {\""line\"": 1039, \""text\"": {\""confidence\"": 100, \""value\"": \""Regular Price 4.10\""}, \""type\"": {\""confidence\"": 100, \""value\"": \""\""}}], \""line\"": 1037, \""price\"": {\""confidence\"": 0, \""value\"": 4.99}, \""price_postfix\"": \""W\"", \""qty\"": {\""confidence\"": 0, \""value\"": 0.72}, \""rsd\"": {\""confidence\"": 100, \""original_case_value\"": \""ASPARAGUS-GREEN\"", \""value\"": \""ASPARAGUS-GREEN\""}, \""rsd_postfix\"": \"" Q1\"", \""totalPrice\"": {\""confidence\"": 0, \""value\"": 3.59}, \""uom\"": {\""confidence\"": 0, \""value\"": \""LB\""}}, {\""infoLines\"": [{\""line\"": 1041, \""text\"": {\""confidence\"": 100, \""value\"": \""0.85 lb @ 1 lb / 2.95\""}, \""type\"": {\""confidence\"": 100, \""value\"": \""Weight\""}}], \""line\"": 1040, \""price\"": {\""confidence\"": 0, \""value\"": 2.95}, \""price_postfix\"": \""W\"", \""qty\"": {\""confidence\"": 0, \""value\"": 0.85}, \""rsd\"": {\""confidence\"": 100, \""original_case_value\"": \""BROCCOLI CROWNS\"", \""value\"": \""BROCCOLI CROWNS\""}, \""rsd_postfix\"": \"" Q1\"", \""totalPrice\"": {\""confidence\"": 0, \""value\"": 2.51}, \""uom\"": {\""confidence\"": 0, \""value\"": \""LB\""}}, {\""infoLines\"": [{\""line\"": 1043, \""text\"": {\""confidence\"": 100, \""value\"": \""1 @ 2 / 4.00\""}, \""type\"": {\""confidence\"": 100, \""value\"": \""Quantity\""}}, {\""line\"": 1044, \""text\"": {\""confidence\"": 100, \""value\"": \""Regular Price 2.99\""}, \""type\"": {\""confidence\"": 100, \""value\"": \""\""}}], \""line\"": 1042, \""price\"": {\""confidence\"": 99.95647430419922, \""value\"": 2}, \""price_postfix\"": \""W\"", \""qty\"": {\""confidence\"": 0, \""value\"": 1}, \""rsd\"": {\""confidence\"": 99.95647430419922, \""original_case_value\"": \""ENGLISH CUCUMBER\"", \""value\"": \""ENGLISH CUCUMBER\""}, \""rsd_postfix\"": \"" Q1\"", \""totalPrice\"": {\""confidence\"": 0, \""value\"": 2}}, {\""line\"": 1045, \""price\"": {\""confidence\"": 99.95755004882812, \""value\"": 1.48}, \""price_postfix\"": \""W\"", \""qty\"": {\""confidence\"": 0, \""value\"": 1}, \""rsd\"": {\""confidence\"": 99.9820556640625, \""original_case_value\"": \""ONION - GREEN\"", \""value\"": \""ONION - GREEN\""}, \""rsd_postfix\"": \"" Q1\"", \""totalPrice\"": {\""confidence\"": 0, \""value\"": 1.48}}, {\""infoLines\"": [{\""line\"": 1047, \""text\"": {\""confidence\"": 100, \""value\"": \""0.51 lb @ 1 lb / 2.49\""}, \""type\"": {\""confidence\"": 100, \""value\"": \""Weight\""}}, {\""line\"": 1048, \""text\"": {\""confidence\"": 100, \""value\"": \""Regular Price 1.52\""}, \""type\"": {\""confidence\"": 100, \""value\"": \""\""}}], \""line\"": 1046, \""price\"": {\""confidence\"": 0, \""value\"": 2.49}, \""price_postfix\"": \""W\"", \""qty\"": {\""confidence\"": 0, \""value\"": 0.51}, \""rsd\"": {\""confidence\"": 100, \""original_case_value\"": \""ONION - WHITE\"", \""value\"": \""ONION WHITE\""}, \""rsd_postfix\"": \"" Q1\"", \""totalPrice\"": {\""confidence\"": 0, \""value\"": 1.27}, \""uom\"": {\""confidence\"": 0, \""value\"": \""LB\""}}, {\""line\"": 1049, \""price\"": {\""confidence\"": 99.92301177978516, \""value\"": 3.88}, \""price_postfix\"": \""W\"", \""qty\"": {\""confidence\"": 0, \""value\"": 1}, \""rsd\"": {\""confidence\"": 97.21974182128906, \""original_case_value\"": \""RALEY'S BABY SPINA\"", \""value\"": \""RALEY'S BABY SPINA\""}, \""rsd_postfix\"": \"" Q1\"", \""totalPrice\"": {\""confidence\"": 0, \""value\"": 3.88}}, {\""infoLines\"": [{\""line\"": 1051, \""text\"": {\""confidence\"": 100, \""value\"": \""1.40 lb @ 1 lb / 3.99\""}, \""type\"": {\""confidence\"": 100, \""value\"": \""Weight\""}}, {\""line\"": 1052, \""text\"": {\""confidence\"": 100, \""value\"": \""Regular Price 6.99\""}, \""type\"": {\""confidence\"": 100, \""value\"": \""\""}}, {\""line\"": 1053, \""text\"": {\""confidence\"": 100, \""value\"": \""Del i Items ---------\""}, \""type\"": {\""confidence\"": 100, \""value\"": \""\""}}], \""line\"": 1050, \""price\"": {\""confidence\"": 0, \""value\"": 3.99}, \""price_postfix\"": \""W\"", \""qty\"": {\""confidence\"": 0, \""value\"": 1.4}, \""rsd\"": {\""confidence\"": 100, \""original_case_value\"": \""YELLOW PEACH\"", \""value\"": \""YELLOW PEACH\""}, \""rsd_postfix\"": \"" Q1\"", \""totalPrice\"": {\""confidence\"": 0, \""value\"": 5.59}, \""uom\"": {\""confidence\"": 0, \""value\"": \""LB\""}}, {\""line\"": 1054, \""price\"": {\""confidence\"": 99.96859741210938, \""value\"": 4.99}, \""price_postfix\"": \""F\"", \""qty\"": {\""confidence\"": 0, \""value\"": 1}, \""rsd\"": {\""confidence\"": 99.9639892578125, \""original_case_value\"": \""CANADN BACN\"", \""value\"": \""CANADN BACN\""}, \""rsd_postfix\"": \"" Q1\"", \""totalPrice\"": {\""confidence\"": 0, \""value\"": 4.99}}, {\""line\"": 1055, \""price\"": {\""confidence\"": 99.97684478759766, \""value\"": 3.47}, \""price_postfix\"": \""F\"", \""qty\"": {\""confidence\"": 0, \""value\"": 1}, \""rsd\"": {\""confidence\"": 98.191162109375, \""original_case_value\"": \""HOMESTYLE MACARONI\"", \""value\"": \""HOMESTYLE MACARONI\""}, \""rsd_postfix\"": \"" Q1\"", \""totalPrice\"": {\""confidence\"": 0, \""value\"": 3.47}}, {\""line\"": 1056, \""price\"": {\""confidence\"": 99.9662094116211, \""value\"": 3.98}, \""price_postfix\"": \""F\"", \""qty\"": {\""confidence\"": 0, \""value\"": 1}, \""rsd\"": {\""confidence\"": 99.9698486328125, \""original_case_value\"": \""NHTC GRATED PARMES\"", \""value\"": \""NHTC GRATED PARMES\""}, \""rsd_postfix\"": \"" Q1\"", \""totalPrice\"": {\""confidence\"": 0, \""value\"": 3.98}}, {\""line\"": 1057, \""price\"": {\""confidence\"": 99.96807861328125, \""value\"": 5.99}, \""price_postfix\"": \""F\"", \""qty\"": {\""confidence\"": 0, \""value\"": 1}, \""rsd\"": {\""confidence\"": 99.98204040527344, \""original_case_value\"": \""RALEY S COUNTRY PO\"", \""value\"": \""RALEY S COUNTRY PO\""}, \""rsd_postfix\"": \"" Q1\"", \""totalPrice\"": {\""confidence\"": 0, \""value\"": 5.99}}, {\""infoLines\"": [{\""line\"": 1059, \""text\"": {\""confidence\"": 100, \""value\"": \""Mi scel l aneous Items-\""}, \""type\"": {\""confidence\"": 100, \""value\"": \""\""}}], \""line\"": 1058, \""price\"": {\""confidence\"": 99.85086059570312, \""value\"": 5.99}, \""price_postfix\"": \""F\"", \""qty\"": {\""confidence\"": 0, \""value\"": 1}, \""rsd\"": {\""confidence\"": 99.97578430175781, \""original_case_value\"": \""RALEY S PESTO PAST\"", \""value\"": \""RALEY S PESTO PAST\""}, \""rsd_postfix\"": \"" Q1\"", \""totalPrice\"": {\""confidence\"": 0, \""value\"": 5.99}}, {\""line\"": 1060, \""price\"": {\""confidence\"": 99.96063232421875, \""value\"": 7.99}, \""price_postfix\"": \""F\"", \""qty\"": {\""confidence\"": 0, \""value\"": 1}, \""rsd\"": {\""confidence\"": 99.45345306396484, \""original_case_value\"": \""RALEYS FARM RAISED\"", \""value\"": \""RALEYS FARM RAISED\""}, \""rsd_postfix\"": \"" Q1\"", \""totalPrice\"": {\""confidence\"": 0, \""value\"": 7.99}}], \""purchase_type\"": \""In-Store\"", \""raw_basket\"": \""AJAY S JERKYQ1 12.49 F\\nBERTOLLI ALFREDOQ1 4.79 F\\nRegular Price 5.49\\nKERRYGOLD SLT BTTR Q1 5.99 F\\nOBERTO NATURAL STY Q1 6.99 F\\nRegular Price 8.99\\nRALEYS LG AA CG FR Q1 7.98 F\\nTHOMAS ENG MUFFINQ1 5.29 F\\nTINAS BF & BEAN BR Q1 0.59 F\\nRegular Price 0.69\\nTINAS BF & BEAN BR Q1 0.59 F\\nRegular Price 0.69\\nTINAS HOT BEEF BUR Q1 0.59 F\\nRegular Price 0.69\\nTINAS HOT BEEF BUR Q1 0.59 F\\nRegular Price 0.69\\nMeat Items ---------\\nBEEF FOR STIR FRY/ Q1 5.39 F\\nRegular Price 5.93\\nPORK LOIN CNTR CHP Q1 6.79 F\\nRegular Price 8.15\\nPORK LOIN RIB CHPS Q1 11.83 F\\nRegular Price 14.20\\nRALEYS ORG THIN BN Q1 18.58 F\\nProduce Items ------\\nARTICHOKES JUMBOQ2 7.38 W\\n2 @ 1 / 3.69\\nASPARAGUS-GREENQ1 3.59 W\\n0.72 lb @ 1 lb / 4.99\\nRegular Price 4.10\\nBROCCOLI CROWNSQ1 2.51 W\\n0.85 lb @ 1 lb / 2.95\\nENGLISH CUCUMBERQ1 2.00 W\\n1 @ 2 / 4.00\\nRegular Price 2.99\\nONION - GREENQ1 1.48 W\\nONION - WHITEQ1 1.27 W\\n0.51 lb @ 1 lb / 2.49\\nRegular Price 1.52\\nRALEY'S BABY SPINA Q1 3.88 W\\nYELLOW PEACHQ1 5.59 W\\n1.40 lb @ 1 lb / 3.99\\nRegular Price 6.99\\nDel i Items ---------\\nCANADN BACNQ1 4.99 F\\nHOMESTYLE MACARONI Q1 3.47 F\\nNHTC GRATED PARMES Q1 3.98 F\\nRALEY S COUNTRY PO Q1 5.99 F\\nRALEY S PESTO PAST Q1 5.99 F\\nMi scel l aneous Items-\\nRALEYS FARM RAISED Q1 7.99 F\\n\"", \""raw_text_array\"": [\""Get Something Extra\\nat Ral eys.com\\n\\nTERM# 11 STORE# 230 OPERATOR# 880\\n09/07/24 13:19:05\\nRALEY 'S (800)925-9989\\n\\n\\nSOMETHING EXTRA ACCT. XXXXXXX0045\\nGrocery IteMs ------\\nAJAY S JERKY Q1 12.49 F\\nBERTOLLI ALFREDO Q1 4.79 F\\nRegular Price 5.49\\nKERRYGOLD SLT BTTR Q1 5.99 F\\nOBERTO NATURAL STY Q1 6.99 F\\nRegular Price 8.99\\nRALEYS LG AA CG FR Q1 7.98 F\\nTHOMAS ENG MUFFIN Q1 5.29 F\\nTINAS BF & BEAN BR Q1 .59 F\\nRegular Price .69\\nTINAS BF & BEAN BR Q1 .59 F\\nRegular Price .69\\nTINAS HOT BEEF BUR Q1 .59 F\\nRegular Price .69\\nTINAS HOT BEEF BUR Q1 .59 F\\nRegular Price .69\\nMeat Items ---------\\nBEEF FOR STIR FRY/ Q1 5.39 F\\nRegular Price 5.93\\nPORK LOIN CNTR CHP Q1 6.79 F\\nRegular Price 8.15\\nPORK LOIN RIB CHPS Q1 11.83 F\\nRegular Price 14.20\\nRALEYS ORG THIN BN Q1 18.58 F\\nProduce Items ------\\nARTICHOKES JUMBO Q2 7.38 W\\n2 @ 1 / 3.69\\nASPARAGUS-GREEN Q1 3.59 W\\n0.72 lb @ 1 lb /  4.99\\nRegular Price 4.10\\nBROCCOLI CROWNS Q1 2.51 W\\n0.85 lb @ 1 lb /  2.95\\nENGLISH CUCUMBER Q1 2.00 W\\n1 @ 2 / 4.00\\nRegular Price 2.99\\nONION - GREEN Q1 1.48 W\\nONION - WHITE Q1 1.27 W\\n0.51 lb @ 1 lb /  2.49\\nRegular Price 1.52\\nRALEY'S BABY SPINA Q1 3.88 W\\nYELLOW PEACH Q1 5.59 W\\n1.40 lb @ 1 lb /  3.99\\nRegular Price 6.99\\nDel i Items ---------\\nCANADN BACN Q1 4.99 F\\nHOMESTYLE MACARONI Q1 3.47 F\\nNHTC GRATED PARMES Q1 3.98 F\\nRALEY S COUNTRY PO Q1 5.99 F\\nRALEY S PESTO PAST Q1 5.99 F\\nMi scel l aneous Items-\\nRALEYS FARM RAISED Q1 7.99 F\\nSUBTOTAL 148.59\\nTAX DUE .00\\nTOTAL $ 148.59\\nCREDIT CARDS 148.59\\nXXXXXXXXXXXX1545\\nCASH CHANGE .00\\n\\n\\n\\nNUMBER OF ITEMS 29\\n****************************************\\n09/07/2024 13:21:07\\nMID: 029801142308 TID: 001\\n117515\\n\\nCREDIT CARD\\n\\nPURCHASE\\n\\nCARD #: XXXXXXXXXXXX1545\\nChip Card: MASTERCARD\\nAID: A0000000041010\\nATC: 0156\\nTSI: A800 ARC: 480169\\nTC: 8984A386072F9F9E\\nINVOICE: 117515\\nApproval Code: 480169\\nEntry Method: Cntotless\\nMode: Issuer\\n\\nTotal: USD$ 148.59\\n\\nAPPROVED BY ISSUER\\n\\n\\n\\n\\nYOU SAVED A TOTAL OF 10.52\\nTHAT IS A SAVINGS OF 6%\\nFor service concerns, contact\\nRalev's Service Center at 5-9989\\n\""], \""raw_trip_footer\"": \""SUBTOTAL 148.59\\nTAX DUE 0.00\\nTOTAL $ 148.59\\nCREDIT CARDS 148.59\\nXXXXXXXXXXXX1545\\nCASH CHANGE 0.00\\nNUMBER OF ITEMS 29\\n****************************************\\n09/07/2024 13:21:07\\nMID: 029801142308 TID: 001\\n117515\\nCREDIT CARD\\nPURCHASE\\nCARD #: XXXXXXXXXXXX1545\\nChip Card: MASTERCARD\\nAID: A0000000041010\\nATC: 0156\\nTSI: A800 ARC: 480169\\nTC: 8984A386072F9F9E\\nINVOICE: 117515\\nApproval Code: 480169\\nEntry Method: Cntotless\\nMode: Issuer\\nTotal: USD$ 148.59\\nAPPROVED BY ISSUER\\nTHAT IS A SAVINGS OF 6%\\nFor service concerns, contact\\nRalev's Service Center at 5-9989\\n\"", \""raw_trip_header\"": \""Get Something Extra\\nat Ral eys.com\\nTERM# 11 STORE# 230 OPERATOR# 880\\n09/07/24 13:19:05\\nRALEY 'S (800)925-9989\\nSOMETHING EXTRA ACCT. XXXXXXX0045\\nGrocery IteMs ------\\n\"", \""register\"": {\""confidence\"": 99.97948455810547, \""value\"": \""11\""}, \""store\"": {\""confidence\"": 99.97948455810547, \""value\"": \""230\""}, \""store_city\"": {\""confidence\"": 100, \""value\"": \""Lincoln\""}, \""store_state\"": {\""confidence\"": 100, \""value\"": \""CA\""}, \""store_street\"": {\""confidence\"": 100, \""value\"": \""39 Lincoln Blvd.\""}, \""store_zip\"": {\""confidence\"": 100, \""value\"": \""95648\""}, \""subtotal\"": {\""confidence\"": 99.98616790771484, \""value\"": 148.59}, \""taxes\"": {\""confidence\"": 99.95870208740234, \""value\"": 0}, \""time\"": {\""confidence\"": 99.98666381835938, \""value\"": \""13:21\""}, \""total\"": {\""confidence\"": 99.96488189697266, \""value\"": 148.59}, \""trip_confidence\"": 100, \""blink_receipt_id\"": \""d0725051-2633-409d-b751-56187de87cd0\"", \""cashback\"": 0, \""image_urls\"": [\""https://img.cdn4dd.com/cdn-cgi/image/format=auto/https://doordash-static.s3.amazonaws.com/media/photosV2/684dfd53-72b2-4e05-8456-f7b65507186d-retina-large.jpeg\""], \""country_code\"": \""US\"", \""api_version\"": 14}""
  }
]"
"[
  {
    ""key"": ""unmatched_item_info"",
    ""value"": ""[]""
  },
  {
    ""key"": ""embedding_matching_df"",
    ""value"": ""{\""OTLY OTMLK FF\"": {\""Limited Edition Black Grapes (bunch)\"": 0.2097293096386225, \""Organic Shitake Mushrooms\"": 0.19932225491517436, \""Organic Whole Baby Bella Mushrooms\"": 0.15652783411283352, \""The Fresh Market Ground Pork (by pound)\"": 0.14511363111101105, \""Seedless Green Grapes (bunch)\"": 0.14097468455855747, \""Oatly Original Oat Milk Carton (1/2 gal)\"": 0.28934126705255475, \""Bag Fee\"": 0.0, \""Bottle Deposit aka CRV\"": 0.0, \""Unknown Item\"": 0.2793149819908241}, \""GRAPES BLACK\"": {\""Limited Edition Black Grapes (bunch)\"": 0.6797226774971586, \""Organic Shitake Mushrooms\"": 0.25257868594132377, \""Organic Whole Baby Bella Mushrooms\"": 0.24883269566427202, \""The Fresh Market Ground Pork (by pound)\"": 0.20399295221707597, \""Seedless Green Grapes (bunch)\"": 0.5366329261576679, \""Oatly Original Oat Milk Carton (1/2 gal)\"": 0.20527406504020632, \""Bag Fee\"": 0.0, \""Bottle Deposit aka CRV\"": 0.0, \""Unknown Item\"": 0.22902722045454216}, \""GREEN GRAPES\"": {\""Limited Edition Black Grapes (bunch)\"": 0.5777602457446325, \""Organic Shitake Mushrooms\"": 0.27765368779539545, \""Organic Whole Baby Bella Mushrooms\"": 0.2857791897495188, \""The Fresh Market Ground Pork (by pound)\"": 0.2224502226147924, \""Seedless Green Grapes (bunch)\"": 0.6689528744078128, \""Oatly Original Oat Milk Carton (1/2 gal)\"": 0.2239496534376456, \""Bag Fee\"": 0.0, \""Bottle Deposit aka CRV\"": 0.0, \""Unknown Item\"": 0.21569634625234577}, \""CR PRIME GRND PRK\"": {\""Limited Edition Black Grapes (bunch)\"": 0.24807044613303117, \""Organic Shitake Mushrooms\"": 0.17635410333001078, \""Organic Whole Baby Bella Mushrooms\"": 0.16513712416603243, \""The Fresh Market Ground Pork (by pound)\"": 0.2759349966698325, \""Seedless Green Grapes (bunch)\"": 0.2334407953242965, \""Oatly Original Oat Milk Carton (1/2 gal)\"": 0.18323608590921517, \""Bag Fee\"": 0.0, \""Bottle Deposit aka CRV\"": 0.0, \""Unknown Item\"": 0.21626367175611155}, \""OG SHITAKE 3.5OZ\"": {\""Limited Edition Black Grapes (bunch)\"": 0.33873849253073274, \""Organic Shitake Mushrooms\"": 0.6354950740249089, \""Organic Whole Baby Bella Mushrooms\"": 0.47938149867502444, \""The Fresh Market Ground Pork (by pound)\"": 0.3516713173834984, \""Seedless Green Grapes (bunch)\"": 0.2753557062308348, \""Oatly Original Oat Milk Carton (1/2 gal)\"": 0.37309920938321833, \""Bag Fee\"": 0.0, \""Bottle Deposit aka CRV\"": 0.0, \""Unknown Item\"": 0.26468457544541085}, \""OG WHOLE BELLA 8OZ\"": {\""Limited Edition Black Grapes (bunch)\"": 0.3425271609909856, \""Organic Shitake Mushrooms\"": 0.3563932110893696, \""Organic Whole Baby Bella Mushrooms\"": 0.4915952152862683, \""The Fresh Market Ground Pork (by pound)\"": 0.3614804884082136, \""Seedless Green Grapes (bunch)\"": 0.32321365019781495, \""Oatly Original Oat Milk Carton (1/2 gal)\"": 0.40818689579826767, \""Bag Fee\"": 0.0, \""Bottle Deposit aka CRV\"": 0.0, \""Unknown Item\"": 0.21462193397356266}, \""Unknown Item\"": {\""Limited Edition Black Grapes (bunch)\"": 0.28229811075485034, \""Organic Shitake Mushrooms\"": 0.2084274257694953, \""Organic Whole Baby Bella Mushrooms\"": 0.16002574345230952, \""The Fresh Market Ground Pork (by pound)\"": 0.166219881477631, \""Seedless Green Grapes (bunch)\"": 0.24866814623265515, \""Oatly Original Oat Milk Carton (1/2 gal)\"": 0.21523188462436815, \""Bag Fee\"": 0.30045181350725836, \""Bottle Deposit aka CRV\"": 0.21779990495262982, \""Unknown Item\"": 0.9990009990989842}}""
  },
  {
    ""key"": ""total_amount"",
    ""value"": ""{\""money\"": {\""unit_amount\"": 4066, \""currency\"": \""USD\"", \""display_string\"": \""None40.66\"", \""decimal_places\"": 2, \""sign\"": null, \""symbol\"": null}, \""confidence_score\"": 1.0}""
  },
  {
    ""key"": ""discount_amount"",
    ""value"": ""{\""money\"": {\""unit_amount\"": 0, \""currency\"": \""USD\"", \""display_string\"": \""None0.00\"", \""decimal_places\"": 2, \""sign\"": null, \""symbol\"": null}, \""confidence_score\"": 1.0}""
  },
  {
    ""key"": ""business_id"",
    ""value"": ""11604623""
  },
  {
    ""key"": ""subtotal_amount"",
    ""value"": ""{\""money\"": {\""unit_amount\"": 4066, \""currency\"": \""USD\"", \""display_string\"": \""None40.66\"", \""decimal_places\"": 2, \""sign\"": null, \""symbol\"": null}, \""confidence_score\"": 1.0}""
  },
  {
    ""key"": ""tax_confidence_score"",
    ""value"": ""1.0""
  },
  {
    ""key"": ""matched_item_info"",
    ""value"": ""[{\""merchant_supplied_id\"": \""00190646641016\"", \""display_name\"": \""Oatly Original Oat Milk Carton (1/2 gal)\"", \""ocr_description\"": \""OTLY OTMLK FF\"", \""quantity\"": {\""value\"": 1.0}, \""price_per_unit\"": {\""unit_amount\"": 599, \""currency\"": \""USD\"", \""display_string\"": \""None5.99\"", \""decimal_places\"": 2, \""sign\"": null, \""symbol\"": null}, \""item_price\"": {\""unit_amount\"": 599, \""currency\"": \""USD\"", \""display_string\"": \""None5.99\"", \""decimal_places\"": 2, \""sign\"": null, \""symbol\"": null}, \""non_discount_price_per_unit\"": {\""unit_amount\"": 0, \""currency\"": \""USD\"", \""display_string\"": \""None0.00\"", \""decimal_places\"": 2, \""sign\"": null, \""symbol\"": null}, \""non_discount_item_price\"": {\""unit_amount\"": 0, \""currency\"": \""USD\"", \""display_string\"": \""None0.00\"", \""decimal_places\"": 2, \""sign\"": null, \""symbol\"": null}, \""sold_by_weight\"": false, \""confidence_score\"": 1.0}, {\""merchant_supplied_id\"": \""3902\"", \""display_name\"": \""Limited Edition Black Grapes (bunch)\"", \""ocr_description\"": \""GRAPES BLACK\"", \""quantity\"": {\""value\"": 2.55}, \""price_per_unit\"": {\""unit_amount\"": 499, \""currency\"": \""USD\"", \""display_string\"": \""None4.99\"", \""decimal_places\"": 2, \""sign\"": null, \""symbol\"": null}, \""item_price\"": {\""unit_amount\"": 1272, \""currency\"": \""USD\"", \""display_string\"": \""None12.72\"", \""decimal_places\"": 2, \""sign\"": null, \""symbol\"": null}, \""non_discount_price_per_unit\"": {\""unit_amount\"": 0, \""currency\"": \""USD\"", \""display_string\"": \""None0.00\"", \""decimal_places\"": 2, \""sign\"": null, \""symbol\"": null}, \""non_discount_item_price\"": {\""unit_amount\"": 0, \""currency\"": \""USD\"", \""display_string\"": \""None0.00\"", \""decimal_places\"": 2, \""sign\"": null, \""symbol\"": null}, \""sold_by_weight\"": true, \""confidence_score\"": 1.0}, {\""merchant_supplied_id\"": \""4022\"", \""display_name\"": \""Seedless Green Grapes (bunch)\"", \""ocr_description\"": \""GREEN GRAPES\"", \""quantity\"": {\""value\"": 2.21}, \""price_per_unit\"": {\""unit_amount\"": 299, \""currency\"": \""USD\"", \""display_string\"": \""None2.99\"", \""decimal_places\"": 2, \""sign\"": null, \""symbol\"": null}, \""item_price\"": {\""unit_amount\"": 661, \""currency\"": \""USD\"", \""display_string\"": \""None6.61\"", \""decimal_places\"": 2, \""sign\"": null, \""symbol\"": null}, \""non_discount_price_per_unit\"": {\""unit_amount\"": 0, \""currency\"": \""USD\"", \""display_string\"": \""None0.00\"", \""decimal_places\"": 2, \""sign\"": null, \""symbol\"": null}, \""non_discount_item_price\"": {\""unit_amount\"": 0, \""currency\"": \""USD\"", \""display_string\"": \""None0.00\"", \""decimal_places\"": 2, \""sign\"": null, \""symbol\"": null}, \""sold_by_weight\"": true, \""confidence_score\"": 1.0}, {\""merchant_supplied_id\"": \""00205420000009\"", \""display_name\"": \""The Fresh Market Ground Pork (by pound)\"", \""ocr_description\"": \""CR PRIME GRND PRK\"", \""quantity\"": {\""value\"": 0.89}, \""price_per_unit\"": {\""unit_amount\"": 602, \""currency\"": \""USD\"", \""display_string\"": \""None6.02\"", \""decimal_places\"": 2, \""sign\"": null, \""symbol\"": null}, \""item_price\"": {\""unit_amount\"": 536, \""currency\"": \""USD\"", \""display_string\"": \""None5.36\"", \""decimal_places\"": 2, \""sign\"": null, \""symbol\"": null}, \""non_discount_price_per_unit\"": {\""unit_amount\"": 0, \""currency\"": \""USD\"", \""display_string\"": \""None0.00\"", \""decimal_places\"": 2, \""sign\"": null, \""symbol\"": null}, \""non_discount_item_price\"": {\""unit_amount\"": 0, \""currency\"": \""USD\"", \""display_string\"": \""None0.00\"", \""decimal_places\"": 2, \""sign\"": null, \""symbol\"": null}, \""sold_by_weight\"": true, \""confidence_score\"": 1.0}, {\""merchant_supplied_id\"": \""00070475659324\"", \""display_name\"": \""Organic Shitake Mushrooms\"", \""ocr_description\"": \""OG SHITAKE 3.5OZ\"", \""quantity\"": {\""value\"": 1.0}, \""price_per_unit\"": {\""unit_amount\"": 499, \""currency\"": \""USD\"", \""display_string\"": \""None4.99\"", \""decimal_places\"": 2, \""sign\"": null, \""symbol\"": null}, \""item_price\"": {\""unit_amount\"": 499, \""currency\"": \""USD\"", \""display_string\"": \""None4.99\"", \""decimal_places\"": 2, \""sign\"": null, \""symbol\"": null}, \""non_discount_price_per_unit\"": {\""unit_amount\"": 0, \""currency\"": \""USD\"", \""display_string\"": \""None0.00\"", \""decimal_places\"": 2, \""sign\"": null, \""symbol\"": null}, \""non_discount_item_price\"": {\""unit_amount\"": 0, \""currency\"": \""USD\"", \""display_string\"": \""None0.00\"", \""decimal_places\"": 2, \""sign\"": null, \""symbol\"": null}, \""sold_by_weight\"": false, \""confidence_score\"": 1.0}, {\""merchant_supplied_id\"": \""00070475658013\"", \""display_name\"": \""Organic Whole Baby Bella Mushrooms\"", \""ocr_description\"": \""OG WHOLE BELLA 8OZ\"", \""quantity\"": {\""value\"": 1.0}, \""price_per_unit\"": {\""unit_amount\"": 499, \""currency\"": \""USD\"", \""display_string\"": \""None4.99\"", \""decimal_places\"": 2, \""sign\"": null, \""symbol\"": null}, \""item_price\"": {\""unit_amount\"": 499, \""currency\"": \""USD\"", \""display_string\"": \""None4.99\"", \""decimal_places\"": 2, \""sign\"": null, \""symbol\"": null}, \""non_discount_price_per_unit\"": {\""unit_amount\"": 0, \""currency\"": \""USD\"", \""display_string\"": \""None0.00\"", \""decimal_places\"": 2, \""sign\"": null, \""symbol\"": null}, \""non_discount_item_price\"": {\""unit_amount\"": 0, \""currency\"": \""USD\"", \""display_string\"": \""None0.00\"", \""decimal_places\"": 2, \""sign\"": null, \""symbol\"": null}, \""sold_by_weight\"": false, \""confidence_score\"": 1.0}]""
  },
  {
    ""key"": ""bag_fee_info"",
    ""value"": ""{\""quantity\"": {\""value\"": 0}, \""price_per_unit\"": {\""unit_amount\"": 0, \""currency\"": \""USD\"", \""display_string\"": \""None0.00\"", \""decimal_places\"": 2, \""sign\"": null, \""symbol\"": null}, \""item_price\"": {\""unit_amount\"": 0, \""currency\"": \""USD\"", \""display_string\"": \""None0.00\"", \""decimal_places\"": 2, \""sign\"": null, \""symbol\"": null}, \""confidence_score\"": 1.0}""
  },
  {
    ""key"": ""blink_items_df"",
    ""value"": ""{\""ocr_description\"": {\""0\"": \""OTLY OTMLK FF\"", \""1\"": \""GRAPES BLACK\"", \""2\"": \""GREEN GRAPES\"", \""3\"": \""CR PRIME GRND PRK\"", \""4\"": \""OG SHITAKE 3.5OZ\"", \""5\"": \""OG WHOLE BELLA 8OZ\"", \""6\"": \""discount_cents\"", \""7\"": \""subtotal_cents\"", \""8\"": \""total_tax_cents\"", \""9\"": \""total_cents\""}, \""quantity\"": {\""0\"": 1.0, \""1\"": 2.55, \""2\"": 2.21, \""3\"": 0.89, \""4\"": 1.0, \""5\"": 1.0, \""6\"": NaN, \""7\"": NaN, \""8\"": NaN, \""9\"": NaN}, \""price_per_unit_cents\"": {\""0\"": 599.0, \""1\"": 499.0, \""2\"": 299.0, \""3\"": 602.0, \""4\"": 499.0, \""5\"": 499.0, \""6\"": NaN, \""7\"": NaN, \""8\"": NaN, \""9\"": NaN}, \""item_price_cents\"": {\""0\"": 599, \""1\"": 1272, \""2\"": 661, \""3\"": 536, \""4\"": 499, \""5\"": 499, \""6\"": 0, \""7\"": 4066, \""8\"": 0, \""9\"": 4066}}""
  },
  {
    ""key"": ""input_swipe_amount"",
    ""value"": ""4066""
  },
  {
    ""key"": ""is_legible"",
    ""value"": ""true""
  },
  {
    ""key"": ""input_item_info"",
    ""value"": ""[{\""merchant_supplied_id\"": \""3902\"", \""display_name\"": \""Limited Edition Black Grapes (bunch)\"", \""scanned_barcode\"": null}, {\""merchant_supplied_id\"": \""00070475659324\"", \""display_name\"": \""Organic Shitake Mushrooms\"", \""scanned_barcode\"": null}, {\""merchant_supplied_id\"": \""00070475658013\"", \""display_name\"": \""Organic Whole Baby Bella Mushrooms\"", \""scanned_barcode\"": null}, {\""merchant_supplied_id\"": \""00205420000009\"", \""display_name\"": \""The Fresh Market Ground Pork (by pound)\"", \""scanned_barcode\"": null}, {\""merchant_supplied_id\"": \""4022\"", \""display_name\"": \""Seedless Green Grapes (bunch)\"", \""scanned_barcode\"": null}, {\""merchant_supplied_id\"": \""00190646641016\"", \""display_name\"": \""Oatly Original Oat Milk Carton (1/2 gal)\"", \""scanned_barcode\"": null}]""
  },
  {
    ""key"": ""url"",
    ""value"": ""\""https://img.cdn4dd.com/cdn-cgi/image/format=auto/https://doordash-static.s3.amazonaws.com/media/photosV2/a1d42d4d-43e4-47ff-bc62-f848294c680d-retina-large.jpeg\""""
  },
  {
    ""key"": ""sanity_checks"",
    ""value"": ""{\""swipe_match\"": true, \""subtotal_match\"": true, \""tax_match\"": true, \""items_length_match\"": true, \""ok_ocr_name_deduping\"": true, \""item_price_reasonableness\"": true, \""weights_look_ok\"": true, \""bag_fee_max_price\"": true, \""bottle_fee_max_price\"": true, \""bag_fee_max_count\"": true, \""bottle_fee_max_count\"": true, \""tax_vs_subtotal_sanity_check\"": true, \""has_no_unknown_items\"": true, \""has_no_missing_items\"": true, \""delivery_discounts_are_nonzero\"": true}""
  },
  {
    ""key"": ""bottle_fee_info"",
    ""value"": ""{\""quantity\"": {\""value\"": 0}, \""price_per_unit\"": {\""unit_amount\"": 0, \""currency\"": \""USD\"", \""display_string\"": \""None0.00\"", \""decimal_places\"": 2, \""sign\"": null, \""symbol\"": null}, \""item_price\"": {\""unit_amount\"": 0, \""currency\"": \""USD\"", \""display_string\"": \""None0.00\"", \""decimal_places\"": 2, \""sign\"": null, \""symbol\"": null}, \""confidence_score\"": 1.0}""
  },
  {
    ""key"": ""delivery_uuid"",
    ""value"": ""\""ccfea2f0-8eca-3001-8b0d-db6debc2c5f5\""""
  },
  {
    ""key"": ""missing_item_info"",
    ""value"": ""[]""
  },
  {
    ""key"": ""tax_amount"",
    ""value"": ""{\""money\"": {\""unit_amount\"": 0, \""currency\"": \""USD\"", \""display_string\"": \""None0.00\"", \""decimal_places\"": 2, \""sign\"": null, \""symbol\"": null}, \""confidence_score\"": 1.0}""
  },
  {
    ""key"": ""confidence_score"",
    ""value"": ""1.0""
  },
  {
    ""key"": ""raw_blink_receipt"",
    ""value"": ""{\""banner_id\"": 77, \""cashier\"": {\""confidence\"": 99.9922103881836, \""value\"": \""4\""}, \""channel\"": {\""confidence\"": 100, \""value\"": \""Food\""}, \""date\"": {\""confidence\"": 99.9922103881836, \""value\"": \""09/08/2024\""}, \""isDigital\"": false, \""isFraudulent\"": false, \""is_blurry\"": false, \""is_instacart_shopper\"": false, \""is_receipt\"": true, \""is_screen\"": false, \""item_confidence\"": 99, \""last4cc\"": {\""confidence\"": 99.99644470214844, \""value\"": \""3700\""}, \""merchant_confidence\"": 100, \""merchant_name\"": \""The Fresh Market\"", \""ocr_confidence\"": 99.69579315185547, \""paymentMethods\"": [{\""amount\"": {\""confidence\"": 0, \""value\"": 40.66}, \""cardType\"": {\""confidence\"": 100, \""value\"": \""Mastercard\""}, \""method\"": {\""confidence\"": 99.98231506347656, \""value\"": \""Credit\""}}], \""phones\"": [{\""confidence\"": 99.97645568847656, \""value\"": \""305-466-1786\""}], \""products\"": [{\""line\"": 1008, \""price\"": {\""confidence\"": 99.95545959472656, \""value\"": 5.99}, \""price_postfix\"": \""F\"", \""qty\"": {\""confidence\"": 0, \""value\"": 1}, \""rsd\"": {\""confidence\"": 99.98408508300781, \""original_case_value\"": \""OTLY OTMLK FF\"", \""value\"": \""OTLY OTMLK FF\""}, \""totalPrice\"": {\""confidence\"": 0, \""value\"": 5.99}}, {\""infoLines\"": [{\""line\"": 1010, \""text\"": {\""confidence\"": 100, \""value\"": \""2.55 lb @ 4.99 /lb\""}, \""type\"": {\""confidence\"": 100, \""value\"": \""Weight\""}}], \""line\"": 1009, \""price\"": {\""confidence\"": 0, \""value\"": 4.99}, \""price_postfix\"": \""F\"", \""qty\"": {\""confidence\"": 0, \""value\"": 2.55}, \""rsd\"": {\""confidence\"": 100, \""original_case_value\"": \""GRAPES BLACK\"", \""value\"": \""GRAPES BLACK\""}, \""rsd_prefix\"": \""WT \"", \""totalPrice\"": {\""confidence\"": 0, \""value\"": 12.72}, \""uom\"": {\""confidence\"": 0, \""value\"": \""lb\""}}, {\""infoLines\"": [{\""line\"": 1012, \""text\"": {\""confidence\"": 100, \""value\"": \""2.21 lb @ 2.99 /lb\""}, \""type\"": {\""confidence\"": 100, \""value\"": \""Weight\""}}], \""line\"": 1011, \""price\"": {\""confidence\"": 0, \""value\"": 2.99}, \""price_postfix\"": \""F\"", \""qty\"": {\""confidence\"": 0, \""value\"": 2.21}, \""rsd\"": {\""confidence\"": 100, \""original_case_value\"": \""GREEN GRAPES\"", \""value\"": \""GREEN GRAPES\""}, \""rsd_prefix\"": \""WT \"", \""totalPrice\"": {\""confidence\"": 0, \""value\"": 6.61}, \""uom\"": {\""confidence\"": 0, \""value\"": \""lb\""}}, {\""infoLines\"": [{\""line\"": 1014, \""text\"": {\""confidence\"": 100, \""value\"": \""0.89 LB @ $5.99/LB\""}, \""type\"": {\""confidence\"": 100, \""value\"": \""Weight\""}}], \""line\"": 1013, \""price\"": {\""confidence\"": 0, \""value\"": 5.99}, \""price_postfix\"": \""F\"", \""qty\"": {\""confidence\"": 0, \""value\"": 0.89}, \""rsd\"": {\""confidence\"": 100, \""original_case_value\"": \""CR PRIME GRND PRK\"", \""value\"": \""CR PRIME GRND PRK\""}, \""totalPrice\"": {\""confidence\"": 0, \""value\"": 5.36}, \""uom\"": {\""confidence\"": 0, \""value\"": \""LB\""}}, {\""line\"": 1015, \""price\"": {\""confidence\"": 99.98918151855469, \""value\"": 4.99}, \""price_postfix\"": \""F\"", \""qty\"": {\""confidence\"": 0, \""value\"": 1}, \""rsd\"": {\""confidence\"": 99.81800842285156, \""original_case_value\"": \""OG SHITAKE 3.5OZ\"", \""value\"": \""OG SHITAKE 3.5OZ\""}, \""totalPrice\"": {\""confidence\"": 0, \""value\"": 4.99}}, {\""line\"": 1016, \""price\"": {\""confidence\"": 99.98931884765625, \""value\"": 4.99}, \""price_postfix\"": \""F\"", \""qty\"": {\""confidence\"": 0, \""value\"": 1}, \""rsd\"": {\""confidence\"": 99.82412719726562, \""original_case_value\"": \""OG WHOLE BELLA 8OZ\"", \""value\"": \""OG WHOLE BELLA 8OZ\""}, \""totalPrice\"": {\""confidence\"": 0, \""value\"": 4.99}}], \""purchase_type\"": \""In-Store\"", \""raw_basket\"": \""OTLY OTMLK FF 5.99 F\\nWT GRAPES BLACK 12.72 F\\n2.55 lb @ 4.99 /lb\\nWT GREEN GRAPES 6.61 F\\n2.21 lb @ 2.99 /lb\\nCR PRIME GRND PRK 5.36 F\\n0.89 LB @ $5.99/LB\\nOG SHITAKE 3.5OZ 4.99 F\\nOG WHOLE BELLA 80Z 4.99 F\\n\"", \""raw_text_array\"": [\""THE\\nFRESH\\nMARKET\\n\\n\\nAndy Oliva, Manager\\n(305) 466-1786\\n\\nOTLY OTMLK FF 5.99 F\\nWT GRAPES BLACK 12.72 F\\n2.55 lb @ 4.99 /lb\\nWT GREEN GRAPES 6.61 F\\n2.21 lb @ 2.99 /lb\\nCR PRIME GRND PRK 5.36 F\\n0.89 LB @ $5.99/LB\\nOG SHITAKE 3.50Z 4.99 F\\nOG WHOLE BELLA 80Z 4.99 F\\nTAX 0.00\\n**** BALANCE 40.66\\n\\nMASTER CARD Purchase\\n$40.66 ************3700\\n\\nSWIPED\\n\\n(Signature Not Required)\\nMerchant #\\nREF # 952108\\n**************************************\\nMASTER CARD 40.66\\nCHANGE 0.00\\nTOTAL NUMBER OF ITEMS SOLD = 6\\n09/08/24 04:23pm 40 4 169 10111776\\nYour Loyalty ID was not found by our\\nsystem. Be sure to sign up at\\nwww.thefreshmarket.com/register\\nand register today for\\nThe Ultimate Loyalty Experience\\n\\nuARn, AVENTUR\\n\""], \""raw_trip_footer\"": \""TAX 0.00\\n**** BALANCE 40.66\\nMASTER CARD Purchase\\n$40.66 ************3700\\nSWIPED\\n(Signature Not Required)\\nMerchant #\\nREF # 952108\\n**************************************\\nMASTER CARD 40.66\\nCHANGE 0.00\\nTOTAL NUMBER OF ITEMS SOLD = 6\\n09/08/24 04:23pm 40 4 169 10111776\\nYour Loyalty ID was not found by our\\nsystem. Be sure to sign up at\\nwww.thefreshmarket.com/register\\nand register today for\\nThe Ultimate Loyalty Experience\\nuARn, AVENTUR\\n\"", \""raw_trip_header\"": \""THE\\nFRESH\\nMARKET\\nAndy Oliva, Manager\\n(305) 466-1786\\n\"", \""register\"": {\""confidence\"": 99.9922103881836, \""value\"": \""169\""}, \""store\"": {\""confidence\"": 99.9922103881836, \""value\"": \""40\""}, \""store_city\"": {\""confidence\"": 100, \""value\"": \""Aventura\""}, \""store_state\"": {\""confidence\"": 100, \""value\"": \""FL\""}, \""store_street\"": {\""confidence\"": 100, \""value\"": \""18299 Biscayne Boulevard\""}, \""store_zip\"": {\""confidence\"": 100, \""value\"": \""33160\""}, \""subtotal\"": {\""confidence\"": 100, \""value\"": 40.66}, \""taxes\"": {\""confidence\"": 99.99530792236328, \""value\"": 0}, \""time\"": {\""confidence\"": 99.9922103881836, \""value\"": \""16:23\""}, \""total\"": {\""confidence\"": 95, \""value\"": 40.66}, \""transaction\"": {\""confidence\"": 99.9922103881836, \""value\"": \""10111776\""}, \""trip_confidence\"": 100, \""blink_receipt_id\"": \""6bf1f47f-46d5-4c9e-b4b5-304d01f2b34e\"", \""cashback\"": 0, \""image_urls\"": [\""https://img.cdn4dd.com/cdn-cgi/image/format=auto/https://doordash-static.s3.amazonaws.com/media/photosV2/a1d42d4d-43e4-47ff-bc62-f848294c680d-retina-large.jpeg\""], \""country_code\"": \""US\"", \""api_version\"": 14}""
  }
]"
"[
  {
    ""key"": ""unmatched_item_info"",
    ""value"": ""[]""
  },
  {
    ""key"": ""embedding_matching_df"",
    ""value"": ""{\""LIPTON PURE LEAF\"": {\""Reese's Zero Sugar Miniature Milk Chocolate & Peanut Butter Cups (5.1 oz)\"": 0.2636718352456756, \""Russell Stover Sugar Free Chocolate Peanut Butter Cups (3 oz)\"": 0.2662718428079182, \""Value Corner 2 Ply Bathroom Tissue (12 ct)\"": 0.23375721567854646, \""V8 Original Vegetable Juice Cans (5.5 fl oz x 8 ct)\"": 0.33907382324853974, \""Organic Valencia Orange\"": 0.37181539333970304, \""Starbucks Unsweetened Medium Roast Premium Iced Coffee Beverage Bottle (48 oz)\"": 0.4257817889013481, \""Gerolsteiner Natural Sparkling Mineral Water Bottle (25.3 oz)\"": 0.3289347635538182, \""Soleil Berry Sparkling Water Cans (12 oz x 8 ct)\"": 0.39887283241035915, \""O Organics Dried Mission Figs (7 oz)\"": 0.31172576696676324, \""Pure Leaf No Sugar Real Brewed Unsweetened Tea Bottle (18.5 fl oz)\"": 0.6139228415158802, \""Yellow Nectarine (each)\"": 0.29105356320060266, \""Mauna Loa All Natural Dry Roasted Macadamias (6 oz)\"": 0.29093656433489473, \""Polar Raspberry Lime Seltzer Cans (12 fl oz x 8 ct)\"": 0.37320501250907046, \""Bag Fee\"": 0.0, \""Bottle Deposit aka CRV\"": 0.0, \""Unknown Item\"": 0.166641731752788}, \""CRV SFTDK SNGL NTX\"": {\""Reese's Zero Sugar Miniature Milk Chocolate & Peanut Butter Cups (5.1 oz)\"": 0.2035283013421489, \""Russell Stover Sugar Free Chocolate Peanut Butter Cups (3 oz)\"": 0.21832328648386917, \""Value Corner 2 Ply Bathroom Tissue (12 ct)\"": 0.25222482402471263, \""V8 Original Vegetable Juice Cans (5.5 fl oz x 8 ct)\"": 0.22411954995816583, \""Organic Valencia Orange\"": 0.224841744810679, \""Starbucks Unsweetened Medium Roast Premium Iced Coffee Beverage Bottle (48 oz)\"": 0.19876781937026355, \""Gerolsteiner Natural Sparkling Mineral Water Bottle (25.3 oz)\"": 0.19045651178903494, \""Soleil Berry Sparkling Water Cans (12 oz x 8 ct)\"": 0.22477156015539448, \""O Organics Dried Mission Figs (7 oz)\"": 0.16215331431222285, \""Pure Leaf No Sugar Real Brewed Unsweetened Tea Bottle (18.5 fl oz)\"": 0.17210948808989598, \""Yellow Nectarine (each)\"": 0.23833152571699515, \""Mauna Loa All Natural Dry Roasted Macadamias (6 oz)\"": 0.14514795547082107, \""Polar Raspberry Lime Seltzer Cans (12 fl oz x 8 ct)\"": 0.2083571107240178, \""Bag Fee\"": 0.21928829015409643, \""Bottle Deposit aka CRV\"": 0.3896257468290539, \""Unknown Item\"": 0.16366146427092257}, \""SOLEIL WATER BERRY\"": {\""Reese's Zero Sugar Miniature Milk Chocolate & Peanut Butter Cups (5.1 oz)\"": 0.188837143905527, \""Russell Stover Sugar Free Chocolate Peanut Butter Cups (3 oz)\"": 0.20895553567023142, \""Value Corner 2 Ply Bathroom Tissue (12 ct)\"": 0.1549719855440769, \""V8 Original Vegetable Juice Cans (5.5 fl oz x 8 ct)\"": 0.24434753217952754, \""Organic Valencia Orange\"": 0.32707915188135395, \""Starbucks Unsweetened Medium Roast Premium Iced Coffee Beverage Bottle (48 oz)\"": 0.255734215127471, \""Gerolsteiner Natural Sparkling Mineral Water Bottle (25.3 oz)\"": 0.3791172259325722, \""Soleil Berry Sparkling Water Cans (12 oz x 8 ct)\"": 0.6040002956244828, \""O Organics Dried Mission Figs (7 oz)\"": 0.2851811797203104, \""Pure Leaf No Sugar Real Brewed Unsweetened Tea Bottle (18.5 fl oz)\"": 0.3226724996518507, \""Yellow Nectarine (each)\"": 0.30082044946567615, \""Mauna Loa All Natural Dry Roasted Macadamias (6 oz)\"": 0.20017252303696123, \""Polar Raspberry Lime Seltzer Cans (12 fl oz x 8 ct)\"": 0.34136540496328105, \""Bag Fee\"": 0.0, \""Bottle Deposit aka CRV\"": 0.0, \""Unknown Item\"": 0.15796520849266435}, \""CRV SFTDK 8 PK TAX\"": {\""Reese's Zero Sugar Miniature Milk Chocolate & Peanut Butter Cups (5.1 oz)\"": 0.2749963575561391, \""Russell Stover Sugar Free Chocolate Peanut Butter Cups (3 oz)\"": 0.2566691661956688, \""Value Corner 2 Ply Bathroom Tissue (12 ct)\"": 0.3355824584486808, \""V8 Original Vegetable Juice Cans (5.5 fl oz x 8 ct)\"": 0.41136823113374615, \""Organic Valencia Orange\"": 0.2133022364906036, \""Starbucks Unsweetened Medium Roast Premium Iced Coffee Beverage Bottle (48 oz)\"": 0.26569421458757014, \""Gerolsteiner Natural Sparkling Mineral Water Bottle (25.3 oz)\"": 0.24706011363485045, \""Soleil Berry Sparkling Water Cans (12 oz x 8 ct)\"": 0.37309519772797384, \""O Organics Dried Mission Figs (7 oz)\"": 0.26336591374777324, \""Pure Leaf No Sugar Real Brewed Unsweetened Tea Bottle (18.5 fl oz)\"": 0.23124093279187852, \""Yellow Nectarine (each)\"": 0.21930238375411376, \""Mauna Loa All Natural Dry Roasted Macadamias (6 oz)\"": 0.2003977407378371, \""Polar Raspberry Lime Seltzer Cans (12 fl oz x 8 ct)\"": 0.38411464387798044, \""Bag Fee\"": 0.32944247006478056, \""Bottle Deposit aka CRV\"": 0.44709596213516806, \""Unknown Item\"": 0.1450004176223648}, \""REESES ZERO SUGAR\"": {\""Reese's Zero Sugar Miniature Milk Chocolate & Peanut Butter Cups (5.1 oz)\"": 0.7214555357883038, \""Russell Stover Sugar Free Chocolate Peanut Butter Cups (3 oz)\"": 0.5809998390341409, \""Value Corner 2 Ply Bathroom Tissue (12 ct)\"": 0.17814781357875323, \""V8 Original Vegetable Juice Cans (5.5 fl oz x 8 ct)\"": 0.24783853681230744, \""Organic Valencia Orange\"": 0.28988692424235163, \""Starbucks Unsweetened Medium Roast Premium Iced Coffee Beverage Bottle (48 oz)\"": 0.29732625418873804, \""Gerolsteiner Natural Sparkling Mineral Water Bottle (25.3 oz)\"": 0.25081576902301683, \""Soleil Berry Sparkling Water Cans (12 oz x 8 ct)\"": 0.3112063372474216, \""O Organics Dried Mission Figs (7 oz)\"": 0.2927981173709122, \""Pure Leaf No Sugar Real Brewed Unsweetened Tea Bottle (18.5 fl oz)\"": 0.3637757839973479, \""Yellow Nectarine (each)\"": 0.23835197207622671, \""Mauna Loa All Natural Dry Roasted Macadamias (6 oz)\"": 0.29113468665384074, \""Polar Raspberry Lime Seltzer Cans (12 fl oz x 8 ct)\"": 0.35407488770433265, \""Bag Fee\"": 0.0, \""Bottle Deposit aka CRV\"": 0.0, \""Unknown Item\"": 0.18134926170655508}, \""V8 ORIGINAL JUICE\"": {\""Reese's Zero Sugar Miniature Milk Chocolate & Peanut Butter Cups (5.1 oz)\"": 0.2489401710829694, \""Russell Stover Sugar Free Chocolate Peanut Butter Cups (3 oz)\"": 0.23105473460658524, \""Value Corner 2 Ply Bathroom Tissue (12 ct)\"": 0.1863631114204479, \""V8 Original Vegetable Juice Cans (5.5 fl oz x 8 ct)\"": 0.7028893029707769, \""Organic Valencia Orange\"": 0.4237634595288093, \""Starbucks Unsweetened Medium Roast Premium Iced Coffee Beverage Bottle (48 oz)\"": 0.36186674333868907, \""Gerolsteiner Natural Sparkling Mineral Water Bottle (25.3 oz)\"": 0.3127282155291706, \""Soleil Berry Sparkling Water Cans (12 oz x 8 ct)\"": 0.41428474370336094, \""O Organics Dried Mission Figs (7 oz)\"": 0.37332149457386954, \""Pure Leaf No Sugar Real Brewed Unsweetened Tea Bottle (18.5 fl oz)\"": 0.3664928531280151, \""Yellow Nectarine (each)\"": 0.2856610432578104, \""Mauna Loa All Natural Dry Roasted Macadamias (6 oz)\"": 0.30671766789736216, \""Polar Raspberry Lime Seltzer Cans (12 fl oz x 8 ct)\"": 0.38728283671168756, \""Bag Fee\"": 0.0, \""Bottle Deposit aka CRV\"": 0.0, \""Unknown Item\"": 0.1616657574480406}, \""CRV GROC 8 PK NTX\"": {\""Reese's Zero Sugar Miniature Milk Chocolate & Peanut Butter Cups (5.1 oz)\"": 0.31987654453485936, \""Russell Stover Sugar Free Chocolate Peanut Butter Cups (3 oz)\"": 0.29894096825693445, \""Value Corner 2 Ply Bathroom Tissue (12 ct)\"": 0.37027172408507036, \""V8 Original Vegetable Juice Cans (5.5 fl oz x 8 ct)\"": 0.4621485838133373, \""Organic Valencia Orange\"": 0.32328134559132454, \""Starbucks Unsweetened Medium Roast Premium Iced Coffee Beverage Bottle (48 oz)\"": 0.3512912020271187, \""Gerolsteiner Natural Sparkling Mineral Water Bottle (25.3 oz)\"": 0.32687710651653673, \""Soleil Berry Sparkling Water Cans (12 oz x 8 ct)\"": 0.4069747686499419, \""O Organics Dried Mission Figs (7 oz)\"": 0.33948335797282914, \""Pure Leaf No Sugar Real Brewed Unsweetened Tea Bottle (18.5 fl oz)\"": 0.2888071521576518, \""Yellow Nectarine (each)\"": 0.2928361011273237, \""Mauna Loa All Natural Dry Roasted Macadamias (6 oz)\"": 0.2808413295554334, \""Polar Raspberry Lime Seltzer Cans (12 fl oz x 8 ct)\"": 0.40221097426530844, \""Bag Fee\"": 0.28621037428248114, \""Bottle Deposit aka CRV\"": 0.4931755215063571, \""Unknown Item\"": 0.1448701026797763}, \""POLAR SELTZER\"": {\""Reese's Zero Sugar Miniature Milk Chocolate & Peanut Butter Cups (5.1 oz)\"": 0.2602675186270955, \""Russell Stover Sugar Free Chocolate Peanut Butter Cups (3 oz)\"": 0.2767610627736495, \""Value Corner 2 Ply Bathroom Tissue (12 ct)\"": 0.21140616448356636, \""V8 Original Vegetable Juice Cans (5.5 fl oz x 8 ct)\"": 0.29508511564393386, \""Organic Valencia Orange\"": 0.2822975786111925, \""Starbucks Unsweetened Medium Roast Premium Iced Coffee Beverage Bottle (48 oz)\"": 0.3438517062060521, \""Gerolsteiner Natural Sparkling Mineral Water Bottle (25.3 oz)\"": 0.467040643301889, \""Soleil Berry Sparkling Water Cans (12 oz x 8 ct)\"": 0.4922530563233608, \""O Organics Dried Mission Figs (7 oz)\"": 0.24121011575375453, \""Pure Leaf No Sugar Real Brewed Unsweetened Tea Bottle (18.5 fl oz)\"": 0.35752706739133266, \""Yellow Nectarine (each)\"": 0.22046183644496978, \""Mauna Loa All Natural Dry Roasted Macadamias (6 oz)\"": 0.1968865131390672, \""Polar Raspberry Lime Seltzer Cans (12 fl oz x 8 ct)\"": 0.636170577576179, \""Bag Fee\"": 0.0, \""Bottle Deposit aka CRV\"": 0.0, \""Unknown Item\"": 0.16061256732719598}, \""M LOA MACADAMIAS\"": {\""Reese's Zero Sugar Miniature Milk Chocolate & Peanut Butter Cups (5.1 oz)\"": 0.24536278121786212, \""Russell Stover Sugar Free Chocolate Peanut Butter Cups (3 oz)\"": 0.25194852185511796, \""Value Corner 2 Ply Bathroom Tissue (12 ct)\"": 0.1213714865069363, \""V8 Original Vegetable Juice Cans (5.5 fl oz x 8 ct)\"": 0.1818008845950464, \""Organic Valencia Orange\"": 0.314382212794334, \""Starbucks Unsweetened Medium Roast Premium Iced Coffee Beverage Bottle (48 oz)\"": 0.19010378939086195, \""Gerolsteiner Natural Sparkling Mineral Water Bottle (25.3 oz)\"": 0.15304425404907462, \""Soleil Berry Sparkling Water Cans (12 oz x 8 ct)\"": 0.2064179227998582, \""O Organics Dried Mission Figs (7 oz)\"": 0.3202030879758249, \""Pure Leaf No Sugar Real Brewed Unsweetened Tea Bottle (18.5 fl oz)\"": 0.18576116064712164, \""Yellow Nectarine (each)\"": 0.2651530816206599, \""Mauna Loa All Natural Dry Roasted Macadamias (6 oz)\"": 0.5641005887311956, \""Polar Raspberry Lime Seltzer Cans (12 fl oz x 8 ct)\"": 0.1637394594663983, \""Bag Fee\"": 0.0, \""Bottle Deposit aka CRV\"": 0.0, \""Unknown Item\"": 0.23638377502880184}, \""GEROLSTIENER WTR\"": {\""Reese's Zero Sugar Miniature Milk Chocolate & Peanut Butter Cups (5.1 oz)\"": 0.18069480792777692, \""Russell Stover Sugar Free Chocolate Peanut Butter Cups (3 oz)\"": 0.20416674445351382, \""Value Corner 2 Ply Bathroom Tissue (12 ct)\"": 0.16888494115988392, \""V8 Original Vegetable Juice Cans (5.5 fl oz x 8 ct)\"": 0.2393680861631461, \""Organic Valencia Orange\"": 0.2502736063327172, \""Starbucks Unsweetened Medium Roast Premium Iced Coffee Beverage Bottle (48 oz)\"": 0.2979660590426176, \""Gerolsteiner Natural Sparkling Mineral Water Bottle (25.3 oz)\"": 0.525333505464512, \""Soleil Berry Sparkling Water Cans (12 oz x 8 ct)\"": 0.3620220418885804, \""O Organics Dried Mission Figs (7 oz)\"": 0.20002550111284909, \""Pure Leaf No Sugar Real Brewed Unsweetened Tea Bottle (18.5 fl oz)\"": 0.3057646265495913, \""Yellow Nectarine (each)\"": 0.19738141044777768, \""Mauna Loa All Natural Dry Roasted Macadamias (6 oz)\"": 0.20276666052294198, \""Polar Raspberry Lime Seltzer Cans (12 fl oz x 8 ct)\"": 0.33218102662795157, \""Bag Fee\"": 0.0, \""Bottle Deposit aka CRV\"": 0.0, \""Unknown Item\"": 0.17457987554049303}, \""R STOVER CDY BAG\"": {\""Reese's Zero Sugar Miniature Milk Chocolate & Peanut Butter Cups (5.1 oz)\"": 0.30863310323636495, \""Russell Stover Sugar Free Chocolate Peanut Butter Cups (3 oz)\"": 0.3526419162344462, \""Value Corner 2 Ply Bathroom Tissue (12 ct)\"": 0.2460852581913413, \""V8 Original Vegetable Juice Cans (5.5 fl oz x 8 ct)\"": 0.27259928980842624, \""Organic Valencia Orange\"": 0.22961903148250723, \""Starbucks Unsweetened Medium Roast Premium Iced Coffee Beverage Bottle (48 oz)\"": 0.28573280250980754, \""Gerolsteiner Natural Sparkling Mineral Water Bottle (25.3 oz)\"": 0.24638165194084044, \""Soleil Berry Sparkling Water Cans (12 oz x 8 ct)\"": 0.2730612806593052, \""O Organics Dried Mission Figs (7 oz)\"": 0.29873592358810136, \""Pure Leaf No Sugar Real Brewed Unsweetened Tea Bottle (18.5 fl oz)\"": 0.23426837191731933, \""Yellow Nectarine (each)\"": 0.20743641245908065, \""Mauna Loa All Natural Dry Roasted Macadamias (6 oz)\"": 0.23640936337427598, \""Polar Raspberry Lime Seltzer Cans (12 fl oz x 8 ct)\"": 0.26711463248334294, \""Bag Fee\"": 0.0, \""Bottle Deposit aka CRV\"": 0.0, \""Unknown Item\"": 0.2746395893771722}, \""V CRNR BATH TISSUE\"": {\""Reese's Zero Sugar Miniature Milk Chocolate & Peanut Butter Cups (5.1 oz)\"": 0.21713226996810786, \""Russell Stover Sugar Free Chocolate Peanut Butter Cups (3 oz)\"": 0.24802429578760382, \""Value Corner 2 Ply Bathroom Tissue (12 ct)\"": 0.6576809423629184, \""V8 Original Vegetable Juice Cans (5.5 fl oz x 8 ct)\"": 0.24438427968571683, \""Organic Valencia Orange\"": 0.21392900403360035, \""Starbucks Unsweetened Medium Roast Premium Iced Coffee Beverage Bottle (48 oz)\"": 0.18079870130777823, \""Gerolsteiner Natural Sparkling Mineral Water Bottle (25.3 oz)\"": 0.19753466287703206, \""Soleil Berry Sparkling Water Cans (12 oz x 8 ct)\"": 0.2233607538975853, \""O Organics Dried Mission Figs (7 oz)\"": 0.22182574101539718, \""Pure Leaf No Sugar Real Brewed Unsweetened Tea Bottle (18.5 fl oz)\"": 0.1757534085986983, \""Yellow Nectarine (each)\"": 0.2201302294576749, \""Mauna Loa All Natural Dry Roasted Macadamias (6 oz)\"": 0.16160709276538177, \""Polar Raspberry Lime Seltzer Cans (12 fl oz x 8 ct)\"": 0.24552945235326462, \""Bag Fee\"": 0.0, \""Bottle Deposit aka CRV\"": 0.0, \""Unknown Item\"": 0.2060233505384891}, \""STRBKS ICED COFF\"": {\""Reese's Zero Sugar Miniature Milk Chocolate & Peanut Butter Cups (5.1 oz)\"": 0.24940163292002568, \""Russell Stover Sugar Free Chocolate Peanut Butter Cups (3 oz)\"": 0.2975268725024911, \""Value Corner 2 Ply Bathroom Tissue (12 ct)\"": 0.13912103367687342, \""V8 Original Vegetable Juice Cans (5.5 fl oz x 8 ct)\"": 0.2075797607843419, \""Organic Valencia Orange\"": 0.23436576475770765, \""Starbucks Unsweetened Medium Roast Premium Iced Coffee Beverage Bottle (48 oz)\"": 0.45167545238742435, \""Gerolsteiner Natural Sparkling Mineral Water Bottle (25.3 oz)\"": 0.23626886547019374, \""Soleil Berry Sparkling Water Cans (12 oz x 8 ct)\"": 0.29423644023864237, \""O Organics Dried Mission Figs (7 oz)\"": 0.21966512004227406, \""Pure Leaf No Sugar Real Brewed Unsweetened Tea Bottle (18.5 fl oz)\"": 0.2837567552783012, \""Yellow Nectarine (each)\"": 0.1940629273756234, \""Mauna Loa All Natural Dry Roasted Macadamias (6 oz)\"": 0.18851080808791834, \""Polar Raspberry Lime Seltzer Cans (12 fl oz x 8 ct)\"": 0.2840134124293122, \""Bag Fee\"": 0.0, \""Bottle Deposit aka CRV\"": 0.0, \""Unknown Item\"": 0.21798203451611708}, \""CRV REFRG SNGL NTX\"": {\""Reese's Zero Sugar Miniature Milk Chocolate & Peanut Butter Cups (5.1 oz)\"": 0.23426546169558404, \""Russell Stover Sugar Free Chocolate Peanut Butter Cups (3 oz)\"": 0.21357031902313658, \""Value Corner 2 Ply Bathroom Tissue (12 ct)\"": 0.23375953724310952, \""V8 Original Vegetable Juice Cans (5.5 fl oz x 8 ct)\"": 0.260614628605358, \""Organic Valencia Orange\"": 0.24766674240061887, \""Starbucks Unsweetened Medium Roast Premium Iced Coffee Beverage Bottle (48 oz)\"": 0.25098228532633166, \""Gerolsteiner Natural Sparkling Mineral Water Bottle (25.3 oz)\"": 0.2597272460108743, \""Soleil Berry Sparkling Water Cans (12 oz x 8 ct)\"": 0.2727639823016556, \""O Organics Dried Mission Figs (7 oz)\"": 0.1895561932707644, \""Pure Leaf No Sugar Real Brewed Unsweetened Tea Bottle (18.5 fl oz)\"": 0.21485481887943325, \""Yellow Nectarine (each)\"": 0.2739189589541352, \""Mauna Loa All Natural Dry Roasted Macadamias (6 oz)\"": 0.17976007360955745, \""Polar Raspberry Lime Seltzer Cans (12 fl oz x 8 ct)\"": 0.2704458668199107, \""Bag Fee\"": 0.23229857944822702, \""Bottle Deposit aka CRV\"": 0.44602929148948395, \""Unknown Item\"": 0.17108724307137016}, \""ORGNC VAL ORANGES\"": {\""Reese's Zero Sugar Miniature Milk Chocolate & Peanut Butter Cups (5.1 oz)\"": 0.21157645469625322, \""Russell Stover Sugar Free Chocolate Peanut Butter Cups (3 oz)\"": 0.22120550195803146, \""Value Corner 2 Ply Bathroom Tissue (12 ct)\"": 0.22687686711506677, \""V8 Original Vegetable Juice Cans (5.5 fl oz x 8 ct)\"": 0.3586904031582356, \""Organic Valencia Orange\"": 0.6665169959251256, \""Starbucks Unsweetened Medium Roast Premium Iced Coffee Beverage Bottle (48 oz)\"": 0.2148306969861872, \""Gerolsteiner Natural Sparkling Mineral Water Bottle (25.3 oz)\"": 0.2675484257932393, \""Soleil Berry Sparkling Water Cans (12 oz x 8 ct)\"": 0.2957080847046435, \""O Organics Dried Mission Figs (7 oz)\"": 0.4354934704675176, \""Pure Leaf No Sugar Real Brewed Unsweetened Tea Bottle (18.5 fl oz)\"": 0.2421747917133103, \""Yellow Nectarine (each)\"": 0.4146780930037572, \""Mauna Loa All Natural Dry Roasted Macadamias (6 oz)\"": 0.26078321706744706, \""Polar Raspberry Lime Seltzer Cans (12 fl oz x 8 ct)\"": 0.24344995431592448, \""Bag Fee\"": 0.0, \""Bottle Deposit aka CRV\"": 0.0, \""Unknown Item\"": 0.2554404022377185}, \""O ORG DRIED FIGS\"": {\""Reese's Zero Sugar Miniature Milk Chocolate & Peanut Butter Cups (5.1 oz)\"": 0.2540413309899988, \""Russell Stover Sugar Free Chocolate Peanut Butter Cups (3 oz)\"": 0.2695088303620375, \""Value Corner 2 Ply Bathroom Tissue (12 ct)\"": 0.13176770680139874, \""V8 Original Vegetable Juice Cans (5.5 fl oz x 8 ct)\"": 0.2711056901823705, \""Organic Valencia Orange\"": 0.43946725282515403, \""Starbucks Unsweetened Medium Roast Premium Iced Coffee Beverage Bottle (48 oz)\"": 0.1960632540781308, \""Gerolsteiner Natural Sparkling Mineral Water Bottle (25.3 oz)\"": 0.219539459129685, \""Soleil Berry Sparkling Water Cans (12 oz x 8 ct)\"": 0.2558924394881111, \""O Organics Dried Mission Figs (7 oz)\"": 0.6797056766137851, \""Pure Leaf No Sugar Real Brewed Unsweetened Tea Bottle (18.5 fl oz)\"": 0.23168900433726028, \""Yellow Nectarine (each)\"": 0.31271614983826934, \""Mauna Loa All Natural Dry Roasted Macadamias (6 oz)\"": 0.31498152804161955, \""Polar Raspberry Lime Seltzer Cans (12 fl oz x 8 ct)\"": 0.2101268686079972, \""Bag Fee\"": 0.0, \""Bottle Deposit aka CRV\"": 0.0, \""Unknown Item\"": 0.21392947441133392}, \""LARGE NECTARINES\"": {\""Reese's Zero Sugar Miniature Milk Chocolate & Peanut Butter Cups (5.1 oz)\"": 0.2574693621004368, \""Russell Stover Sugar Free Chocolate Peanut Butter Cups (3 oz)\"": 0.2548731509386774, \""Value Corner 2 Ply Bathroom Tissue (12 ct)\"": 0.18755407753031442, \""V8 Original Vegetable Juice Cans (5.5 fl oz x 8 ct)\"": 0.2588950574788437, \""Organic Valencia Orange\"": 0.4127464931427563, \""Starbucks Unsweetened Medium Roast Premium Iced Coffee Beverage Bottle (48 oz)\"": 0.2534663155519961, \""Gerolsteiner Natural Sparkling Mineral Water Bottle (25.3 oz)\"": 0.24132855685613538, \""Soleil Berry Sparkling Water Cans (12 oz x 8 ct)\"": 0.2778188795833599, \""O Organics Dried Mission Figs (7 oz)\"": 0.3529663692897805, \""Pure Leaf No Sugar Real Brewed Unsweetened Tea Bottle (18.5 fl oz)\"": 0.24116953220809198, \""Yellow Nectarine (each)\"": 0.6023424686938679, \""Mauna Loa All Natural Dry Roasted Macadamias (6 oz)\"": 0.3262246601098932, \""Polar Raspberry Lime Seltzer Cans (12 fl oz x 8 ct)\"": 0.2619623487828764, \""Bag Fee\"": 0.0, \""Bottle Deposit aka CRV\"": 0.0, \""Unknown Item\"": 0.2299846170866032}, \""RCYCBLE BAG CHARGE\"": {\""Reese's Zero Sugar Miniature Milk Chocolate & Peanut Butter Cups (5.1 oz)\"": 0.18242172503152546, \""Russell Stover Sugar Free Chocolate Peanut Butter Cups (3 oz)\"": 0.1605531874939975, \""Value Corner 2 Ply Bathroom Tissue (12 ct)\"": 0.16054317497178627, \""V8 Original Vegetable Juice Cans (5.5 fl oz x 8 ct)\"": 0.15422625353961805, \""Organic Valencia Orange\"": 0.14636890300030841, \""Starbucks Unsweetened Medium Roast Premium Iced Coffee Beverage Bottle (48 oz)\"": 0.12010089430477305, \""Gerolsteiner Natural Sparkling Mineral Water Bottle (25.3 oz)\"": 0.0985539928595399, \""Soleil Berry Sparkling Water Cans (12 oz x 8 ct)\"": 0.16312745241761986, \""O Organics Dried Mission Figs (7 oz)\"": 0.14886037782804565, \""Pure Leaf No Sugar Real Brewed Unsweetened Tea Bottle (18.5 fl oz)\"": 0.14172340420219062, \""Yellow Nectarine (each)\"": 0.19675160412133053, \""Mauna Loa All Natural Dry Roasted Macadamias (6 oz)\"": 0.1131959997135002, \""Polar Raspberry Lime Seltzer Cans (12 fl oz x 8 ct)\"": 0.1740276312687304, \""Bag Fee\"": 0.6045913013407572, \""Bottle Deposit aka CRV\"": 0.4036342687253838, \""Unknown Item\"": 0.12498598328384747}, \""Unknown Item\"": {\""Reese's Zero Sugar Miniature Milk Chocolate & Peanut Butter Cups (5.1 oz)\"": 0.19176665762293962, \""Russell Stover Sugar Free Chocolate Peanut Butter Cups (3 oz)\"": 0.17214096985137695, \""Value Corner 2 Ply Bathroom Tissue (12 ct)\"": 0.17263675309279844, \""V8 Original Vegetable Juice Cans (5.5 fl oz x 8 ct)\"": 0.15020281476820216, \""Organic Valencia Orange\"": 0.19756082518178533, \""Starbucks Unsweetened Medium Roast Premium Iced Coffee Beverage Bottle (48 oz)\"": 0.21297112129639853, \""Gerolsteiner Natural Sparkling Mineral Water Bottle (25.3 oz)\"": 0.13888979030679863, \""Soleil Berry Sparkling Water Cans (12 oz x 8 ct)\"": 0.16635436072362011, \""O Organics Dried Mission Figs (7 oz)\"": 0.2252260961735098, \""Pure Leaf No Sugar Real Brewed Unsweetened Tea Bottle (18.5 fl oz)\"": 0.18154119058240858, \""Yellow Nectarine (each)\"": 0.24161035014515042, \""Mauna Loa All Natural Dry Roasted Macadamias (6 oz)\"": 0.18054335481402292, \""Polar Raspberry Lime Seltzer Cans (12 fl oz x 8 ct)\"": 0.157204113424403, \""Bag Fee\"": 0.30045181350725836, \""Bottle Deposit aka CRV\"": 0.21779990495262982, \""Unknown Item\"": 0.9990009990989842}}""
  },
  {
    ""key"": ""total_amount"",
    ""value"": ""{\""money\"": {\""unit_amount\"": 9735, \""currency\"": \""USD\"", \""display_string\"": \""None97.35\"", \""decimal_places\"": 2, \""sign\"": null, \""symbol\"": null}, \""confidence_score\"": 1.0}""
  },
  {
    ""key"": ""discount_amount"",
    ""value"": ""{\""money\"": {\""unit_amount\"": 0, \""currency\"": \""USD\"", \""display_string\"": \""None0.00\"", \""decimal_places\"": 2, \""sign\"": null, \""symbol\"": null}, \""confidence_score\"": 1.0}""
  },
  {
    ""key"": ""business_id"",
    ""value"": ""697427""
  },
  {
    ""key"": ""subtotal_amount"",
    ""value"": ""{\""money\"": {\""unit_amount\"": 9735, \""currency\"": \""USD\"", \""display_string\"": \""None97.35\"", \""decimal_places\"": 2, \""sign\"": null, \""symbol\"": null}, \""confidence_score\"": 1.0}""
  },
  {
    ""key"": ""tax_confidence_score"",
    ""value"": ""1.0""
  },
  {
    ""key"": ""matched_item_info"",
    ""value"": ""[{\""merchant_supplied_id\"": \""3100023\"", \""display_name\"": \""Pure Leaf No Sugar Real Brewed Unsweetened Tea Bottle (18.5 fl oz)\"", \""ocr_description\"": \""LIPTON PURE LEAF\"", \""quantity\"": {\""value\"": 1.0}, \""price_per_unit\"": {\""unit_amount\"": 229, \""currency\"": \""USD\"", \""display_string\"": \""None2.29\"", \""decimal_places\"": 2, \""sign\"": null, \""symbol\"": null}, \""item_price\"": {\""unit_amount\"": 229, \""currency\"": \""USD\"", \""display_string\"": \""None2.29\"", \""decimal_places\"": 2, \""sign\"": null, \""symbol\"": null}, \""non_discount_price_per_unit\"": {\""unit_amount\"": 249, \""currency\"": \""USD\"", \""display_string\"": \""None2.49\"", \""decimal_places\"": 2, \""sign\"": null, \""symbol\"": null}, \""non_discount_item_price\"": {\""unit_amount\"": 249, \""currency\"": \""USD\"", \""display_string\"": \""None2.49\"", \""decimal_places\"": 2, \""sign\"": null, \""symbol\"": null}, \""sold_by_weight\"": false, \""confidence_score\"": 1.0}, {\""merchant_supplied_id\"": \""3200349_NONWI_8-12F\"", \""display_name\"": \""Soleil Berry Sparkling Water Cans (12 oz x 8 ct)\"", \""ocr_description\"": \""SOLEIL WATER BERRY\"", \""quantity\"": {\""value\"": 1.0}, \""price_per_unit\"": {\""unit_amount\"": 300, \""currency\"": \""USD\"", \""display_string\"": \""None3.00\"", \""decimal_places\"": 2, \""sign\"": null, \""symbol\"": null}, \""item_price\"": {\""unit_amount\"": 300, \""currency\"": \""USD\"", \""display_string\"": \""None3.00\"", \""decimal_places\"": 2, \""sign\"": null, \""symbol\"": null}, \""non_discount_price_per_unit\"": {\""unit_amount\"": 349, \""currency\"": \""USD\"", \""display_string\"": \""None3.49\"", \""decimal_places\"": 2, \""sign\"": null, \""symbol\"": null}, \""non_discount_item_price\"": {\""unit_amount\"": 349, \""currency\"": \""USD\"", \""display_string\"": \""None3.49\"", \""decimal_places\"": 2, \""sign\"": null, \""symbol\"": null}, \""sold_by_weight\"": false, \""confidence_score\"": 1.0}, {\""merchant_supplied_id\"": \""1012260\"", \""display_name\"": \""Reese's Zero Sugar Miniature Milk Chocolate & Peanut Butter Cups (5.1 oz)\"", \""ocr_description\"": \""REESES ZERO SUGAR\"", \""quantity\"": {\""value\"": 1.0}, \""price_per_unit\"": {\""unit_amount\"": 599, \""currency\"": \""USD\"", \""display_string\"": \""None5.99\"", \""decimal_places\"": 2, \""sign\"": null, \""symbol\"": null}, \""item_price\"": {\""unit_amount\"": 599, \""currency\"": \""USD\"", \""display_string\"": \""None5.99\"", \""decimal_places\"": 2, \""sign\"": null, \""symbol\"": null}, \""non_discount_price_per_unit\"": {\""unit_amount\"": 0, \""currency\"": \""USD\"", \""display_string\"": \""None0.00\"", \""decimal_places\"": 2, \""sign\"": null, \""symbol\"": null}, \""non_discount_item_price\"": {\""unit_amount\"": 0, \""currency\"": \""USD\"", \""display_string\"": \""None0.00\"", \""decimal_places\"": 2, \""sign\"": null, \""symbol\"": null}, \""sold_by_weight\"": false, \""confidence_score\"": 1.0}, {\""merchant_supplied_id\"": \""20010129\"", \""display_name\"": \""V8 Original Vegetable Juice Cans (5.5 fl oz x 8 ct)\"", \""ocr_description\"": \""V8 ORIGINAL JUICE\"", \""quantity\"": {\""value\"": 1.0}, \""price_per_unit\"": {\""unit_amount\"": 499, \""currency\"": \""USD\"", \""display_string\"": \""None4.99\"", \""decimal_places\"": 2, \""sign\"": null, \""symbol\"": null}, \""item_price\"": {\""unit_amount\"": 499, \""currency\"": \""USD\"", \""display_string\"": \""None4.99\"", \""decimal_places\"": 2, \""sign\"": null, \""symbol\"": null}, \""non_discount_price_per_unit\"": {\""unit_amount\"": 649, \""currency\"": \""USD\"", \""display_string\"": \""None6.49\"", \""decimal_places\"": 2, \""sign\"": null, \""symbol\"": null}, \""non_discount_item_price\"": {\""unit_amount\"": 649, \""currency\"": \""USD\"", \""display_string\"": \""None6.49\"", \""decimal_places\"": 2, \""sign\"": null, \""symbol\"": null}, \""sold_by_weight\"": false, \""confidence_score\"": 1.0}, {\""merchant_supplied_id\"": \""3201084\"", \""display_name\"": \""Polar Raspberry Lime Seltzer Cans (12 fl oz x 8 ct)\"", \""ocr_description\"": \""POLAR SELTZER\"", \""quantity\"": {\""value\"": 1.0}, \""price_per_unit\"": {\""unit_amount\"": 599, \""currency\"": \""USD\"", \""display_string\"": \""None5.99\"", \""decimal_places\"": 2, \""sign\"": null, \""symbol\"": null}, \""item_price\"": {\""unit_amount\"": 599, \""currency\"": \""USD\"", \""display_string\"": \""None5.99\"", \""decimal_places\"": 2, \""sign\"": null, \""symbol\"": null}, \""non_discount_price_per_unit\"": {\""unit_amount\"": 0, \""currency\"": \""USD\"", \""display_string\"": \""None0.00\"", \""decimal_places\"": 2, \""sign\"": null, \""symbol\"": null}, \""non_discount_item_price\"": {\""unit_amount\"": 0, \""currency\"": \""USD\"", \""display_string\"": \""None0.00\"", \""decimal_places\"": 2, \""sign\"": null, \""symbol\"": null}, \""sold_by_weight\"": false, \""confidence_score\"": 1.0}, {\""merchant_supplied_id\"": \""9500095\"", \""display_name\"": \""Mauna Loa All Natural Dry Roasted Macadamias (6 oz)\"", \""ocr_description\"": \""M LOA MACADAMIAS\"", \""quantity\"": {\""value\"": 1.0}, \""price_per_unit\"": {\""unit_amount\"": 1299, \""currency\"": \""USD\"", \""display_string\"": \""None12.99\"", \""decimal_places\"": 2, \""sign\"": null, \""symbol\"": null}, \""item_price\"": {\""unit_amount\"": 1299, \""currency\"": \""USD\"", \""display_string\"": \""None12.99\"", \""decimal_places\"": 2, \""sign\"": null, \""symbol\"": null}, \""non_discount_price_per_unit\"": {\""unit_amount\"": 0, \""currency\"": \""USD\"", \""display_string\"": \""None0.00\"", \""decimal_places\"": 2, \""sign\"": null, \""symbol\"": null}, \""non_discount_item_price\"": {\""unit_amount\"": 0, \""currency\"": \""USD\"", \""display_string\"": \""None0.00\"", \""decimal_places\"": 2, \""sign\"": null, \""symbol\"": null}, \""sold_by_weight\"": false, \""confidence_score\"": 1.0}, {\""merchant_supplied_id\"": \""3200411\"", \""display_name\"": \""Gerolsteiner Natural Sparkling Mineral Water Bottle (25.3 oz)\"", \""ocr_description\"": \""GEROLSTIENER WTR\"", \""quantity\"": {\""value\"": 3.0}, \""price_per_unit\"": {\""unit_amount\"": 399, \""currency\"": \""USD\"", \""display_string\"": \""None3.99\"", \""decimal_places\"": 2, \""sign\"": null, \""symbol\"": null}, \""item_price\"": {\""unit_amount\"": 1197, \""currency\"": \""USD\"", \""display_string\"": \""None11.97\"", \""decimal_places\"": 2, \""sign\"": null, \""symbol\"": null}, \""non_discount_price_per_unit\"": {\""unit_amount\"": 0, \""currency\"": \""USD\"", \""display_string\"": \""None0.00\"", \""decimal_places\"": 2, \""sign\"": null, \""symbol\"": null}, \""non_discount_item_price\"": {\""unit_amount\"": 0, \""currency\"": \""USD\"", \""display_string\"": \""None0.00\"", \""decimal_places\"": 2, \""sign\"": null, \""symbol\"": null}, \""sold_by_weight\"": false, \""confidence_score\"": 1.0}, {\""merchant_supplied_id\"": \""1012266\"", \""display_name\"": \""Russell Stover Sugar Free Chocolate Peanut Butter Cups (3 oz)\"", \""ocr_description\"": \""R STOVER CDY BAG\"", \""quantity\"": {\""value\"": 2.0}, \""price_per_unit\"": {\""unit_amount\"": 399, \""currency\"": \""USD\"", \""display_string\"": \""None3.99\"", \""decimal_places\"": 2, \""sign\"": null, \""symbol\"": null}, \""item_price\"": {\""unit_amount\"": 798, \""currency\"": \""USD\"", \""display_string\"": \""None7.98\"", \""decimal_places\"": 2, \""sign\"": null, \""symbol\"": null}, \""non_discount_price_per_unit\"": {\""unit_amount\"": 0, \""currency\"": \""USD\"", \""display_string\"": \""None0.00\"", \""decimal_places\"": 2, \""sign\"": null, \""symbol\"": null}, \""non_discount_item_price\"": {\""unit_amount\"": 0, \""currency\"": \""USD\"", \""display_string\"": \""None0.00\"", \""decimal_places\"": 2, \""sign\"": null, \""symbol\"": null}, \""sold_by_weight\"": false, \""confidence_score\"": 1.0}, {\""merchant_supplied_id\"": \""30010630_NONWI_12RL\"", \""display_name\"": \""Value Corner 2 Ply Bathroom Tissue (12 ct)\"", \""ocr_description\"": \""V CRNR BATH TISSUE\"", \""quantity\"": {\""value\"": 2.0}, \""price_per_unit\"": {\""unit_amount\"": 599, \""currency\"": \""USD\"", \""display_string\"": \""None5.99\"", \""decimal_places\"": 2, \""sign\"": null, \""symbol\"": null}, \""item_price\"": {\""unit_amount\"": 1198, \""currency\"": \""USD\"", \""display_string\"": \""None11.98\"", \""decimal_places\"": 2, \""sign\"": null, \""symbol\"": null}, \""non_discount_price_per_unit\"": {\""unit_amount\"": 0, \""currency\"": \""USD\"", \""display_string\"": \""None0.00\"", \""decimal_places\"": 2, \""sign\"": null, \""symbol\"": null}, \""non_discount_item_price\"": {\""unit_amount\"": 0, \""currency\"": \""USD\"", \""display_string\"": \""None0.00\"", \""decimal_places\"": 2, \""sign\"": null, \""symbol\"": null}, \""sold_by_weight\"": false, \""confidence_score\"": 1.0}, {\""merchant_supplied_id\"": \""39500016\"", \""display_name\"": \""Starbucks Unsweetened Medium Roast Premium Iced Coffee Beverage Bottle (48 oz)\"", \""ocr_description\"": \""STRBKS ICED COFF\"", \""quantity\"": {\""value\"": 2.0}, \""price_per_unit\"": {\""unit_amount\"": 599, \""currency\"": \""USD\"", \""display_string\"": \""None5.99\"", \""decimal_places\"": 2, \""sign\"": null, \""symbol\"": null}, \""item_price\"": {\""unit_amount\"": 1198, \""currency\"": \""USD\"", \""display_string\"": \""None11.98\"", \""decimal_places\"": 2, \""sign\"": null, \""symbol\"": null}, \""non_discount_price_per_unit\"": {\""unit_amount\"": 799, \""currency\"": \""USD\"", \""display_string\"": \""None7.99\"", \""decimal_places\"": 2, \""sign\"": null, \""symbol\"": null}, \""non_discount_item_price\"": {\""unit_amount\"": 1598, \""currency\"": \""USD\"", \""display_string\"": \""None15.98\"", \""decimal_places\"": 2, \""sign\"": null, \""symbol\"": null}, \""sold_by_weight\"": false, \""confidence_score\"": 1.0}, {\""merchant_supplied_id\"": \""84700037_WI_1LB\"", \""display_name\"": \""Organic Valencia Orange\"", \""ocr_description\"": \""ORGNC VAL ORANGES\"", \""quantity\"": {\""value\"": 2.59}, \""price_per_unit\"": {\""unit_amount\"": 199, \""currency\"": \""USD\"", \""display_string\"": \""None1.99\"", \""decimal_places\"": 2, \""sign\"": null, \""symbol\"": null}, \""item_price\"": {\""unit_amount\"": 515, \""currency\"": \""USD\"", \""display_string\"": \""None5.15\"", \""decimal_places\"": 2, \""sign\"": null, \""symbol\"": null}, \""non_discount_price_per_unit\"": {\""unit_amount\"": 0, \""currency\"": \""USD\"", \""display_string\"": \""None0.00\"", \""decimal_places\"": 2, \""sign\"": null, \""symbol\"": null}, \""non_discount_item_price\"": {\""unit_amount\"": 0, \""currency\"": \""USD\"", \""display_string\"": \""None0.00\"", \""decimal_places\"": 2, \""sign\"": null, \""symbol\"": null}, \""sold_by_weight\"": true, \""confidence_score\"": 1.0}, {\""merchant_supplied_id\"": \""84740432\"", \""display_name\"": \""O Organics Dried Mission Figs (7 oz)\"", \""ocr_description\"": \""O ORG DRIED FIGS\"", \""quantity\"": {\""value\"": 1.0}, \""price_per_unit\"": {\""unit_amount\"": 499, \""currency\"": \""USD\"", \""display_string\"": \""None4.99\"", \""decimal_places\"": 2, \""sign\"": null, \""symbol\"": null}, \""item_price\"": {\""unit_amount\"": 499, \""currency\"": \""USD\"", \""display_string\"": \""None4.99\"", \""decimal_places\"": 2, \""sign\"": null, \""symbol\"": null}, \""non_discount_price_per_unit\"": {\""unit_amount\"": 0, \""currency\"": \""USD\"", \""display_string\"": \""None0.00\"", \""decimal_places\"": 2, \""sign\"": null, \""symbol\"": null}, \""non_discount_item_price\"": {\""unit_amount\"": 0, \""currency\"": \""USD\"", \""display_string\"": \""None0.00\"", \""decimal_places\"": 2, \""sign\"": null, \""symbol\"": null}, \""sold_by_weight\"": false, \""confidence_score\"": 1.0}, {\""merchant_supplied_id\"": \""84140107_WI_1LB\"", \""display_name\"": \""Yellow Nectarine (each)\"", \""ocr_description\"": \""LARGE NECTARINES\"", \""quantity\"": {\""value\"": 2.04}, \""price_per_unit\"": {\""unit_amount\"": 299, \""currency\"": \""USD\"", \""display_string\"": \""None2.99\"", \""decimal_places\"": 2, \""sign\"": null, \""symbol\"": null}, \""item_price\"": {\""unit_amount\"": 610, \""currency\"": \""USD\"", \""display_string\"": \""None6.10\"", \""decimal_places\"": 2, \""sign\"": null, \""symbol\"": null}, \""non_discount_price_per_unit\"": {\""unit_amount\"": 0, \""currency\"": \""USD\"", \""display_string\"": \""None0.00\"", \""decimal_places\"": 2, \""sign\"": null, \""symbol\"": null}, \""non_discount_item_price\"": {\""unit_amount\"": 0, \""currency\"": \""USD\"", \""display_string\"": \""None0.00\"", \""decimal_places\"": 2, \""sign\"": null, \""symbol\"": null}, \""sold_by_weight\"": true, \""confidence_score\"": 1.0}]""
  },
  {
    ""key"": ""bag_fee_info"",
    ""value"": ""{\""quantity\"": {\""value\"": 2.0}, \""price_per_unit\"": {\""unit_amount\"": 10, \""currency\"": \""USD\"", \""display_string\"": \""None0.10\"", \""decimal_places\"": 2, \""sign\"": null, \""symbol\"": null}, \""item_price\"": {\""unit_amount\"": 20, \""currency\"": \""USD\"", \""display_string\"": \""None0.20\"", \""decimal_places\"": 2, \""sign\"": null, \""symbol\"": null}, \""confidence_score\"": 1.0}""
  },
  {
    ""key"": ""blink_items_df"",
    ""value"": ""{\""ocr_description\"": {\""0\"": \""LIPTON PURE LEAF\"", \""1\"": \""CRV SFTDK SNGL NTX\"", \""2\"": \""SOLEIL WATER BERRY\"", \""3\"": \""CRV SFTDK 8 PK TAX\"", \""4\"": \""REESES ZERO SUGAR\"", \""5\"": \""V8 ORIGINAL JUICE\"", \""6\"": \""CRV GROC 8 PK NTX\"", \""7\"": \""POLAR SELTZER\"", \""8\"": \""M LOA MACADAMIAS\"", \""9\"": \""GEROLSTIENER WTR\"", \""10\"": \""R STOVER CDY BAG\"", \""11\"": \""V CRNR BATH TISSUE\"", \""12\"": \""STRBKS ICED COFF\"", \""13\"": \""CRV REFRG SNGL NTX\"", \""14\"": \""ORGNC VAL ORANGES\"", \""15\"": \""O ORG DRIED FIGS\"", \""16\"": \""LARGE NECTARINES\"", \""17\"": \""RCYCBLE BAG CHARGE\"", \""18\"": \""discount_cents\"", \""19\"": \""subtotal_cents\"", \""20\"": \""total_tax_cents\"", \""21\"": \""total_cents\""}, \""quantity\"": {\""0\"": 1.0, \""1\"": 4.0, \""2\"": 1.0, \""3\"": 2.0, \""4\"": 1.0, \""5\"": 1.0, \""6\"": 1.0, \""7\"": 1.0, \""8\"": 1.0, \""9\"": 3.0, \""10\"": 2.0, \""11\"": 2.0, \""12\"": 2.0, \""13\"": 2.0, \""14\"": 2.59, \""15\"": 1.0, \""16\"": 2.04, \""17\"": 2.0, \""18\"": NaN, \""19\"": NaN, \""20\"": NaN, \""21\"": NaN}, \""price_per_unit_cents\"": {\""0\"": 229.0, \""1\"": 9.0, \""2\"": 300.0, \""3\"": 40.0, \""4\"": 599.0, \""5\"": 499.0, \""6\"": 40.0, \""7\"": 599.0, \""8\"": 1299.0, \""9\"": 399.0, \""10\"": 399.0, \""11\"": 599.0, \""12\"": 599.0, \""13\"": 10.0, \""14\"": 199.0, \""15\"": 499.0, \""16\"": 299.0, \""17\"": 10.0, \""18\"": NaN, \""19\"": NaN, \""20\"": NaN, \""21\"": NaN}, \""item_price_cents\"": {\""0\"": 229, \""1\"": 35, \""2\"": 300, \""3\"": 80, \""4\"": 599, \""5\"": 499, \""6\"": 40, \""7\"": 599, \""8\"": 1299, \""9\"": 1197, \""10\"": 798, \""11\"": 1198, \""12\"": 1198, \""13\"": 20, \""14\"": 515, \""15\"": 499, \""16\"": 610, \""17\"": 20, \""18\"": 0, \""19\"": 9735, \""20\"": 0, \""21\"": 9735}}""
  },
  {
    ""key"": ""input_swipe_amount"",
    ""value"": ""9735""
  },
  {
    ""key"": ""is_legible"",
    ""value"": ""true""
  },
  {
    ""key"": ""input_item_info"",
    ""value"": ""[{\""merchant_supplied_id\"": \""1012260\"", \""display_name\"": \""Reese's Zero Sugar Miniature Milk Chocolate & Peanut Butter Cups (5.1 oz)\"", \""scanned_barcode\"": null}, {\""merchant_supplied_id\"": \""1012266\"", \""display_name\"": \""Russell Stover Sugar Free Chocolate Peanut Butter Cups (3 oz)\"", \""scanned_barcode\"": null}, {\""merchant_supplied_id\"": \""30010630_NONWI_12RL\"", \""display_name\"": \""Value Corner 2 Ply Bathroom Tissue (12 ct)\"", \""scanned_barcode\"": null}, {\""merchant_supplied_id\"": \""20010129\"", \""display_name\"": \""V8 Original Vegetable Juice Cans (5.5 fl oz x 8 ct)\"", \""scanned_barcode\"": null}, {\""merchant_supplied_id\"": \""84700037_WI_1LB\"", \""display_name\"": \""Organic Valencia Orange\"", \""scanned_barcode\"": null}, {\""merchant_supplied_id\"": \""39500016\"", \""display_name\"": \""Starbucks Unsweetened Medium Roast Premium Iced Coffee Beverage Bottle (48 oz)\"", \""scanned_barcode\"": null}, {\""merchant_supplied_id\"": \""3200411\"", \""display_name\"": \""Gerolsteiner Natural Sparkling Mineral Water Bottle (25.3 oz)\"", \""scanned_barcode\"": null}, {\""merchant_supplied_id\"": \""3200349_NONWI_8-12F\"", \""display_name\"": \""Soleil Berry Sparkling Water Cans (12 oz x 8 ct)\"", \""scanned_barcode\"": null}, {\""merchant_supplied_id\"": \""84740432\"", \""display_name\"": \""O Organics Dried Mission Figs (7 oz)\"", \""scanned_barcode\"": null}, {\""merchant_supplied_id\"": \""3100023\"", \""display_name\"": \""Pure Leaf No Sugar Real Brewed Unsweetened Tea Bottle (18.5 fl oz)\"", \""scanned_barcode\"": null}, {\""merchant_supplied_id\"": \""84140107_WI_1LB\"", \""display_name\"": \""Yellow Nectarine (each)\"", \""scanned_barcode\"": null}, {\""merchant_supplied_id\"": \""9500095\"", \""display_name\"": \""Mauna Loa All Natural Dry Roasted Macadamias (6 oz)\"", \""scanned_barcode\"": null}, {\""merchant_supplied_id\"": \""3201084\"", \""display_name\"": \""Polar Raspberry Lime Seltzer Cans (12 fl oz x 8 ct)\"", \""scanned_barcode\"": {\""code\"": \""071537003635\"", \""format\"": \""UPCA\""}}]""
  },
  {
    ""key"": ""url"",
    ""value"": ""\""https://img.cdn4dd.com/cdn-cgi/image/format=auto/https://doordash-static.s3.amazonaws.com/media/photosV2/2dd2fd6b-989d-4307-9a4a-03d85858dc33-retina-large.jpeg\""""
  },
  {
    ""key"": ""sanity_checks"",
    ""value"": ""{\""swipe_match\"": true, \""subtotal_match\"": true, \""tax_match\"": true, \""items_length_match\"": true, \""ok_ocr_name_deduping\"": true, \""item_price_reasonableness\"": true, \""weights_look_ok\"": true, \""bag_fee_max_price\"": true, \""bottle_fee_max_price\"": true, \""bag_fee_max_count\"": true, \""bottle_fee_max_count\"": true, \""tax_vs_subtotal_sanity_check\"": true, \""has_no_unknown_items\"": true, \""has_no_missing_items\"": true, \""delivery_discounts_are_nonzero\"": true}""
  },
  {
    ""key"": ""bottle_fee_info"",
    ""value"": ""{\""quantity\"": {\""value\"": 9.0}, \""price_per_unit\"": {\""unit_amount\"": 19, \""currency\"": \""USD\"", \""display_string\"": \""None0.19\"", \""decimal_places\"": 2, \""sign\"": null, \""symbol\"": null}, \""item_price\"": {\""unit_amount\"": 175, \""currency\"": \""USD\"", \""display_string\"": \""None1.75\"", \""decimal_places\"": 2, \""sign\"": null, \""symbol\"": null}, \""confidence_score\"": 1.0}""
  },
  {
    ""key"": ""delivery_uuid"",
    ""value"": ""\""71b1b631-041d-3001-9053-0a14562ce921\""""
  },
  {
    ""key"": ""missing_item_info"",
    ""value"": ""[]""
  },
  {
    ""key"": ""tax_amount"",
    ""value"": ""{\""money\"": {\""unit_amount\"": 0, \""currency\"": \""USD\"", \""display_string\"": \""None0.00\"", \""decimal_places\"": 2, \""sign\"": null, \""symbol\"": null}, \""confidence_score\"": 1.0}""
  },
  {
    ""key"": ""confidence_score"",
    ""value"": ""1.0""
  },
  {
    ""key"": ""raw_blink_receipt"",
    ""value"": ""{\""banner_id\"": 8, \""barcode\"": \""00231800303702409081915\"", \""channel\"": {\""confidence\"": 100, \""value\"": \""Food\""}, \""isDigital\"": false, \""isFraudulent\"": false, \""is_blurry\"": false, \""is_instacart_shopper\"": false, \""is_receipt\"": true, \""is_screen\"": false, \""item_confidence\"": 99, \""last4cc\"": {\""confidence\"": 99.93492889404297, \""value\"": \""2096\""}, \""merchant_confidence\"": 99, \""merchant_name\"": \""Safeway\"", \""ocr_confidence\"": 99.81400299072266, \""phones\"": [{\""confidence\"": 99.98414611816406, \""value\"": \""415-927-1960\""}], \""products\"": [{\""fullPrice\"": {\""confidence\"": 0, \""value\"": 2.49}, \""line\"": 1012, \""price\"": {\""confidence\"": 99.94520568847656, \""value\"": 2.29}, \""price_postfix\"": \""S\"", \""qty\"": {\""confidence\"": 0, \""value\"": 1}, \""rpn\"": {\""confidence\"": 99.97897338867188, \""value\"": \""1200028620\""}, \""rsd\"": {\""confidence\"": 99.97897338867188, \""original_case_value\"": \""LIPTON PURE LEAF\"", \""value\"": \""LIPTON PURE LEAF\""}, \""totalPrice\"": {\""confidence\"": 0, \""value\"": 2.29}}, {\""infoLines\"": [{\""line\"": 1014, \""text\"": {\""confidence\"": 100, \""value\"": \""Member Savings -0.20\""}, \""type\"": {\""confidence\"": 100, \""value\"": \""Price Cut\""}}], \""line\"": 1013, \""price\"": {\""confidence\"": 100, \""value\"": 0.05}, \""price_postfix\"": \""S\"", \""qty\"": {\""confidence\"": 0, \""value\"": 1}, \""rpn\"": {\""confidence\"": 99.98844909667969, \""value\"": \""9401\""}, \""rsd\"": {\""confidence\"": 99.9089584350586, \""original_case_value\"": \""CRV SFTDK SNGL NTX\"", \""value\"": \""CRV SFTDK SNGL NTX\""}, \""totalPrice\"": {\""confidence\"": 0, \""value\"": 0.05}}, {\""fullPrice\"": {\""confidence\"": 0, \""value\"": 3.49}, \""line\"": 1015, \""price\"": {\""confidence\"": 99.97745513916016, \""value\"": 3}, \""price_postfix\"": \""B\"", \""qty\"": {\""confidence\"": 0, \""value\"": 1}, \""rpn\"": {\""confidence\"": 99.96979522705078, \""value\"": \""2113017997\""}, \""rsd\"": {\""confidence\"": 99.96979522705078, \""original_case_value\"": \""SOLEIL WATER BERRY\"", \""value\"": \""SOLEIL WATER BERRY\""}, \""totalPrice\"": {\""confidence\"": 0, \""value\"": 3}}, {\""infoLines\"": [{\""line\"": 1017, \""text\"": {\""confidence\"": 100, \""value\"": \""Member Savings -0.49\""}, \""type\"": {\""confidence\"": 100, \""value\"": \""Price Cut\""}}], \""line\"": 1016, \""price\"": {\""confidence\"": 100, \""value\"": 0.4}, \""price_postfix\"": \""B\"", \""qty\"": {\""confidence\"": 0, \""value\"": 1}, \""rpn\"": {\""confidence\"": 99.98818969726562, \""value\"": \""9409\""}, \""rsd\"": {\""confidence\"": 99.46662902832031, \""original_case_value\"": \""CRV SFTDK 8 PK TAX\"", \""value\"": \""CRV SFTDK 8 PK TAX\""}, \""totalPrice\"": {\""confidence\"": 0, \""value\"": 0.4}}, {\""line\"": 1018, \""price\"": {\""confidence\"": 100, \""value\"": 5.99}, \""price_postfix\"": \""S\"", \""qty\"": {\""confidence\"": 0, \""value\"": 1}, \""rpn\"": {\""confidence\"": 99.98126983642578, \""value\"": \""3400093839\""}, \""rsd\"": {\""confidence\"": 99.98126983642578, \""original_case_value\"": \""REESES ZERO SUGAR\"", \""value\"": \""REESES ZERO SUGAR\""}, \""totalPrice\"": {\""confidence\"": 0, \""value\"": 5.99}}, {\""fullPrice\"": {\""confidence\"": 0, \""value\"": 6.49}, \""line\"": 1019, \""price\"": {\""confidence\"": 99.96332550048828, \""value\"": 4.99}, \""price_postfix\"": \""S\"", \""qty\"": {\""confidence\"": 0, \""value\"": 1}, \""rpn\"": {\""confidence\"": 99.9839096069336, \""value\"": \""5100026844\""}, \""rsd\"": {\""confidence\"": 99.9839096069336, \""original_case_value\"": \""V8 ORIGINAL JUICE\"", \""value\"": \""V8 ORIGINAL JUICE\""}, \""totalPrice\"": {\""confidence\"": 0, \""value\"": 4.99}}, {\""infoLines\"": [{\""line\"": 1021, \""text\"": {\""confidence\"": 100, \""value\"": \""Member Savings -1.50\""}, \""type\"": {\""confidence\"": 100, \""value\"": \""Price Cut\""}}], \""line\"": 1020, \""price\"": {\""confidence\"": 100, \""value\"": 0.4}, \""price_postfix\"": \""S\"", \""qty\"": {\""confidence\"": 0, \""value\"": 1}, \""rpn\"": {\""confidence\"": 99.98812866210938, \""value\"": \""9308\""}, \""rsd\"": {\""confidence\"": 99.95714569091797, \""original_case_value\"": \""CRV GROC 8 PK NTX\"", \""value\"": \""CRV GROC 8 PK NTX\""}, \""totalPrice\"": {\""confidence\"": 0, \""value\"": 0.4}}, {\""line\"": 1022, \""price\"": {\""confidence\"": 100, \""value\"": 5.99}, \""price_postfix\"": \""B\"", \""qty\"": {\""confidence\"": 0, \""value\"": 1}, \""rpn\"": {\""confidence\"": 99.983642578125, \""value\"": \""7153700363\""}, \""rsd\"": {\""confidence\"": 99.983642578125, \""original_case_value\"": \""POLAR SELTZER\"", \""value\"": \""POLAR SELTZER\""}, \""totalPrice\"": {\""confidence\"": 0, \""value\"": 5.99}}, {\""line\"": 1023, \""price\"": {\""confidence\"": 100, \""value\"": 12.99}, \""price_postfix\"": \""S\"", \""qty\"": {\""confidence\"": 0, \""value\"": 1}, \""rpn\"": {\""confidence\"": 99.9502182006836, \""value\"": \""7299204019\""}, \""rsd\"": {\""confidence\"": 99.9502182006836, \""original_case_value\"": \""M LOA MACADAMIAS\"", \""value\"": \""M LOA MACADAMIAS\""}, \""totalPrice\"": {\""confidence\"": 0, \""value\"": 12.99}}, {\""line\"": 1024, \""price\"": {\""confidence\"": 100, \""value\"": 3.99}, \""price_postfix\"": \""S\"", \""qty\"": {\""confidence\"": 0, \""value\"": 3}, \""rpn\"": {\""confidence\"": 99.98324584960938, \""value\"": \""7550238667\""}, \""rsd\"": {\""confidence\"": 99.98324584960938, \""original_case_value\"": \""GEROLSTIENER WTR\"", \""value\"": \""GEROLSTIENER WTR\""}, \""totalPrice\"": {\""confidence\"": 0, \""value\"": 11.97}}, {\""line\"": 1025, \""price\"": {\""confidence\"": 100, \""value\"": 0.1}, \""price_postfix\"": \""S\"", \""qty\"": {\""confidence\"": 0, \""value\"": 3}, \""rpn\"": {\""confidence\"": 99.98751068115234, \""value\"": \""9451\""}, \""rsd\"": {\""confidence\"": 99.97398376464844, \""original_case_value\"": \""CRV SFTDK SNGL NTX\"", \""value\"": \""CRV SFTDK SNGL NTX\""}, \""totalPrice\"": {\""confidence\"": 0, \""value\"": 0.3}}, {\""line\"": 1026, \""price\"": {\""confidence\"": 100, \""value\"": 3.99}, \""price_postfix\"": \""S\"", \""qty\"": {\""confidence\"": 0, \""value\"": 2}, \""rpn\"": {\""confidence\"": 99.95313262939453, \""value\"": \""7726009622\""}, \""rsd\"": {\""confidence\"": 99.95313262939453, \""original_case_value\"": \""R STOVER CDY BAG\"", \""value\"": \""R STOVER CDY BAG\""}, \""totalPrice\"": {\""confidence\"": 0, \""value\"": 7.98}}, {\""infoLines\"": [{\""line\"": 1028, \""text\"": {\""confidence\"": 100, \""value\"": \""GROC NONEDIBLE\""}, \""type\"": {\""confidence\"": 100, \""value\"": \""\""}}], \""line\"": 1027, \""price\"": {\""confidence\"": 100, \""value\"": 0.4}, \""price_postfix\"": \""B\"", \""qty\"": {\""confidence\"": 0, \""value\"": 1}, \""rpn\"": {\""confidence\"": 99.98540496826172, \""value\"": \""9409\""}, \""rsd\"": {\""confidence\"": 99.96912384033203, \""original_case_value\"": \""CRV SFTDK 8 PK TAX\"", \""value\"": \""CRV SFTDK 8 PK TAX\""}, \""totalPrice\"": {\""confidence\"": 0, \""value\"": 0.4}}, {\""infoLines\"": [{\""line\"": 1030, \""text\"": {\""confidence\"": 100, \""value\"": \""REFRIG/FROZEN\""}, \""type\"": {\""confidence\"": 100, \""value\"": \""\""}}], \""line\"": 1029, \""price\"": {\""confidence\"": 100, \""value\"": 5.99}, \""price_postfix\"": \""T\"", \""qty\"": {\""confidence\"": 0, \""value\"": 2}, \""rpn\"": {\""confidence\"": 99.9840316772461, \""value\"": \""2113014663\""}, \""rsd\"": {\""confidence\"": 99.9840316772461, \""original_case_value\"": \""V CRNR BATH TISSUE\"", \""value\"": \""V CRNR BATH TISSUE\""}, \""totalPrice\"": {\""confidence\"": 0, \""value\"": 11.98}}, {\""fullPrice\"": {\""confidence\"": 0, \""value\"": 15.98}, \""line\"": 1031, \""price\"": {\""confidence\"": 100, \""value\"": 5.99}, \""price_postfix\"": \""S\"", \""qty\"": {\""confidence\"": 0, \""value\"": 2}, \""rpn\"": {\""confidence\"": 99.98277282714844, \""value\"": \""4850002238\""}, \""rsd\"": {\""confidence\"": 99.98277282714844, \""original_case_value\"": \""STRBKS ICED COFF\"", \""value\"": \""STRBKS ICED COFF\""}, \""totalPrice\"": {\""confidence\"": 0, \""value\"": 11.98}}, {\""infoLines\"": [{\""line\"": 1033, \""text\"": {\""confidence\"": 100, \""value\"": \""Member Savings -4.00\""}, \""type\"": {\""confidence\"": 100, \""value\"": \""Price Cut\""}}, {\""line\"": 1034, \""text\"": {\""confidence\"": 100, \""value\"": \""PRODUCE\""}, \""type\"": {\""confidence\"": 100, \""value\"": \""\""}}], \""line\"": 1032, \""price\"": {\""confidence\"": 100, \""value\"": 0.1}, \""price_postfix\"": \""S\"", \""qty\"": {\""confidence\"": 0, \""value\"": 2}, \""rpn\"": {\""confidence\"": 99.97708892822266, \""value\"": \""9762\""}, \""rsd\"": {\""confidence\"": 99.9791488647461, \""original_case_value\"": \""CRV REFRG SNGL NTX\"", \""value\"": \""CRV REFRG SNGL NTX\""}, \""totalPrice\"": {\""confidence\"": 0, \""value\"": 0.2}}, {\""infoLines\"": [{\""line\"": 1036, \""text\"": {\""confidence\"": 100, \""value\"": \""WT 2.59 lb @ $1.99 /lb\""}, \""type\"": {\""confidence\"": 100, \""value\"": \""Weight\""}}], \""line\"": 1035, \""price\"": {\""confidence\"": 0, \""value\"": 1.99}, \""price_postfix\"": \""S\"", \""qty\"": {\""confidence\"": 0, \""value\"": 2.59}, \""rpn\"": {\""confidence\"": 100, \""value\"": \""60504993108\""}, \""rsd\"": {\""confidence\"": 99.94409942626953, \""original_case_value\"": \""ORGNC VAL ORANGES\"", \""value\"": \""ORGNC VAL ORANGES\""}, \""totalPrice\"": {\""confidence\"": 0, \""value\"": 5.15}, \""uom\"": {\""confidence\"": 0, \""value\"": \""lb\""}}, {\""line\"": 1037, \""price\"": {\""confidence\"": 100, \""value\"": 4.99}, \""price_postfix\"": \""S\"", \""qty\"": {\""confidence\"": 0, \""value\"": 1}, \""rpn\"": {\""confidence\"": 99.56523895263672, \""value\"": \""7989341039\""}, \""rsd\"": {\""confidence\"": 99.56523895263672, \""original_case_value\"": \""O ORG DRIED FIGS\"", \""value\"": \""O ORG DRIED FIGS\""}, \""totalPrice\"": {\""confidence\"": 0, \""value\"": 4.99}}, {\""infoLines\"": [{\""line\"": 1039, \""text\"": {\""confidence\"": 100, \""value\"": \""WT 2.04 lb @ $2.99 /lb\""}, \""type\"": {\""confidence\"": 100, \""value\"": \""Weight\""}}, {\""line\"": 1040, \""text\"": {\""confidence\"": 100, \""value\"": \""MISCELLANEOUS\""}, \""type\"": {\""confidence\"": 100, \""value\"": \""\""}}], \""line\"": 1038, \""price\"": {\""confidence\"": 0, \""value\"": 2.99}, \""price_postfix\"": \""S\"", \""qty\"": {\""confidence\"": 0, \""value\"": 2.04}, \""rpn\"": {\""confidence\"": 100, \""value\"": \""89842900278\""}, \""rsd\"": {\""confidence\"": 99.95130920410156, \""original_case_value\"": \""LARGE NECTARINES\"", \""value\"": \""LARGE NECTARINES\""}, \""totalPrice\"": {\""confidence\"": 0, \""value\"": 6.1}, \""uom\"": {\""confidence\"": 0, \""value\"": \""lb\""}}, {\""line\"": 1041, \""price\"": {\""confidence\"": 100, \""value\"": 0.1}, \""qty\"": {\""confidence\"": 0, \""value\"": 2}, \""rpn\"": {\""confidence\"": 99.99177551269531, \""value\"": \""22147\""}, \""rsd\"": {\""confidence\"": 99.30886840820312, \""original_case_value\"": \""RCYCBLE BAG CHARGE\"", \""value\"": \""RCYCBLE BAG CHARGE\""}, \""totalPrice\"": {\""confidence\"": 0, \""value\"": 0.2}}], \""purchase_type\"": \""In-Store\"", \""raw_basket\"": \""1200028620 LIPTON PURE LEAF 2.49 2.29 S\\n9401 CRV SFTDK SNGL NTX 0.05 0.05 S\\nMember Savings -0.20\\n2113017997 SOLEIL WATER BERRY 3.49 3.00 B\\n9409 CRV SFTDK 8 PK TAX 0.40 0.40 B\\nMember Savings -0.49\\n3400093839 REESES ZERO SUGAR 5.99 5.99 S\\n5100026844 V8 ORIGINAL JUICE 6.49 4.99 S\\n9308 CRV GROC 8 PK NTX 0.40 0.40 S\\nMember Savings -1.50\\n7153700363 POLAR SELTZER 5.99 5.99 B\\n7299204019 M LOA MACADAMIAS 12.99 12.99 S\\n7550238667 3@ GEROLSTIENER WTR 11.97 11.97 S\\n9451 3@ CRV SFTDK SNGL NTX 0.30 0.30 S\\n7726009622 2@ R STOVER CDY BAG 7.98 7.98 S\\n9409 CRV SFTDK 8 PK TAX 0.40 0.40 B\\nGROC NONEDIBLE\\n2113014663 2@ V CRNR BATH TISSUE 11.98 11.98 T\\nREFRIG/FROZEN\\n4850002238 2@ STRBKS ICED COFF 15.98 11.98 S\\n9762 2@ CRV REFRG SNGL NTX 0.20 0.20 S\\nMember Savings -4.00\\nPRODUCE\\n60504993108 ORGNC VAL ORANGES 5.15 5.15 S\\nWT 2.59 lb @ $1.99 /lb\\n7989341039 0 ORG DRIED FIGS 4.99 4.99 S\\n89842900278 LARGE NECTARINES 6.10 6.10 S\\nWT 2.04 lb @ $2.99 /lb\\nMISCELLANEOUS\\n22147 20 RCYCBLE BAG CHARGE 0.20 0.20\\n\"", \""raw_text_array\"": [\""ir Jessy Lope\\nMain:(415) 927-1960\\n137 Corte Madera\\nCORTE MADERA CA 94925\\n\\n\\n\\n00231800303702409081915\\n--------------------------------------\\nYOUR CASHIER TODAY WAS BRENDA A.\\n--------------------------------------\\nGROCERY Price You Pay\\n1200028620 LIPTON PURE LEAF 2.49 2.29 S\\n9401 CRV SFTDK SNGL NTX 0.05 0.05 S\\nMember Savings -0.20\\n2113017997 SOLEIL WATER BERRY 3.49 3.00 B\\n9409 CRV SFTDK 8 PK TAX 0.40 0.40 B\\nMember Savings -0.49\\n3400093839 REESES ZERO SUGAR 5.99 5.99 S\\n5100026844 V8 ORIGINAL JUICE 6.49 4.99 S\\n9308 CRV GROC 8 PK NTX 0.40 0.40 S\\nMember Savings -1.50\\n7153700363 POLAR SELTZER 5.99 5.99 B\\n7299204019 M LOA MACADAMIAS 12.99 12.99 S\\n7550238667 3@ GEROLSTIENER WTR 11.97 11.97 S\\n9451 3@ CRV SFTDK SNGL NTX 0.30 0.30 S\\n7726009622 2@ R STOVER CDY BAG 7.98 7.98 S\\n9409 CRV SFTDK 8 PK TAX 0.40 0.40 B\\nGROC NONEDIBLE\\n2113014663 2@ V CRNR BATH TISSUE 11.98 11.98 T\\nREFRIG/FROZEN\\n4850002238 2@ STRBKS ICED COFF 15.98 11.98 S\\n9762 2@ CRV REFRG SNGL NTX 0.20 0.20 S\\nMember Savings -4.00\\nPRODUCE\\n60504993108 ORGNC VAL ORANGES 5.15 5.15 S\\nWT 2.59 lb @ $1.99 /lb\\n7989341039 0 ORG DRIED FIGS 4.99 4.99 S\\n89842900278 LARGE NECTARINES 6.10 6.10 S\\nWT 2.04 lb @ $2.99 /lb\\nMISCELLANEOUS\\n22147 20 RCYCBLE BAG CHARGE 0.20 0.20\\n\\nTAX 1.96\\nTAX EXEMPTION -1.96\\n**** BALANCE 97.35\\n\\nQR Mobile Pay 97.35\\nCHANGE 0.00\\nTAX EXEMPT ID: ****************2096\\n--------------------------------------\\nEarn Game On points by purchasing\\nparticipating items. Redeem for 49ers\\nexperiences or for a chance to win\\nFree Groceries for a year! Visit\\nsafeway.com/gameon for more details.\\n\""], \""raw_trip_footer\"": \""TAX 1.96\\nTAX EXEMPTION -1.96\\n**** BALANCE 97.35\\nQR Mobile Pay 97.35\\nCHANGE 0.00\\nTAX EXEMPT ID : ****************2096\\n--------------------------------------\\nEarn Game On points by purchasing\\nparticipating items. Redeem for 49ers\\nexperiences or for a chance to win\\nFree Groceries for a year! Visit\\nsafeway.com/gameon for more details.\\n\"", \""raw_trip_header\"": \""ir Jessy Lope\\nMain :(415) 927-1960\\n137 Corte Madera\\nCORTE MADERA CA 94925\\n00231800303702409081915\\n--------------------------------------\\nYOUR CASHIER TODAY WAS BRENDA A.\\n--------------------------------------\\nGROCERY Price You Pay\\n\"", \""store_city\"": {\""confidence\"": 100, \""value\"": \""Corte Madera\""}, \""store_state\"": {\""confidence\"": 100, \""value\"": \""CA\""}, \""store_street\"": {\""confidence\"": 100, \""value\"": \""137 Corte Madera Town Ctr.\""}, \""store_zip\"": {\""confidence\"": 100, \""value\"": \""94925\""}, \""subtotal\"": {\""confidence\"": 100, \""value\"": 97.35}, \""taxes\"": {\""confidence\"": 99.79949951171875, \""value\"": 0}, \""total\"": {\""confidence\"": 97.41816711425781, \""value\"": 97.35}, \""trip_confidence\"": 0, \""blink_receipt_id\"": \""c222efd2-a7da-4e9d-9bc2-e8819dd1b46a\"", \""cashback\"": 0, \""image_urls\"": [\""https://img.cdn4dd.com/cdn-cgi/image/format=auto/https://doordash-static.s3.amazonaws.com/media/photosV2/2dd2fd6b-989d-4307-9a4a-03d85858dc33-retina-large.jpeg\""], \""country_code\"": \""US\"", \""api_version\"": 14}""
  }
]"
"[
  {
    ""key"": ""unmatched_item_info"",
    ""value"": ""[]""
  },
  {
    ""key"": ""embedding_matching_df"",
    ""value"": ""{\""LIPTON PURE LEAF\"": {\""Reese's Zero Sugar Miniature Milk Chocolate & Peanut Butter Cups (5.1 oz)\"": 0.2636718352456756, \""Russell Stover Sugar Free Chocolate Peanut Butter Cups (3 oz)\"": 0.2662718428079182, \""Value Corner 2 Ply Bathroom Tissue (12 ct)\"": 0.23375721567854646, \""V8 Original Vegetable Juice Cans (5.5 fl oz x 8 ct)\"": 0.33907382324853974, \""Organic Valencia Orange\"": 0.37181539333970304, \""Starbucks Unsweetened Medium Roast Premium Iced Coffee Beverage Bottle (48 oz)\"": 0.4257817889013481, \""Gerolsteiner Natural Sparkling Mineral Water Bottle (25.3 oz)\"": 0.3289347635538182, \""Soleil Berry Sparkling Water Cans (12 oz x 8 ct)\"": 0.39887283241035915, \""O Organics Dried Mission Figs (7 oz)\"": 0.31172576696676324, \""Pure Leaf No Sugar Real Brewed Unsweetened Tea Bottle (18.5 fl oz)\"": 0.6139228415158802, \""Yellow Nectarine (each)\"": 0.29105356320060266, \""Mauna Loa All Natural Dry Roasted Macadamias (6 oz)\"": 0.29093656433489473, \""Polar Raspberry Lime Seltzer Cans (12 fl oz x 8 ct)\"": 0.37320501250907046, \""Bag Fee\"": 0.0, \""Bottle Deposit aka CRV\"": 0.0, \""Unknown Item\"": 0.166641731752788}, \""CRV SFTDK SNGL NTX\"": {\""Reese's Zero Sugar Miniature Milk Chocolate & Peanut Butter Cups (5.1 oz)\"": 0.2035283013421489, \""Russell Stover Sugar Free Chocolate Peanut Butter Cups (3 oz)\"": 0.21832328648386917, \""Value Corner 2 Ply Bathroom Tissue (12 ct)\"": 0.25222482402471263, \""V8 Original Vegetable Juice Cans (5.5 fl oz x 8 ct)\"": 0.22411954995816583, \""Organic Valencia Orange\"": 0.224841744810679, \""Starbucks Unsweetened Medium Roast Premium Iced Coffee Beverage Bottle (48 oz)\"": 0.19876781937026355, \""Gerolsteiner Natural Sparkling Mineral Water Bottle (25.3 oz)\"": 0.19045651178903494, \""Soleil Berry Sparkling Water Cans (12 oz x 8 ct)\"": 0.22477156015539448, \""O Organics Dried Mission Figs (7 oz)\"": 0.16215331431222285, \""Pure Leaf No Sugar Real Brewed Unsweetened Tea Bottle (18.5 fl oz)\"": 0.17210948808989598, \""Yellow Nectarine (each)\"": 0.23833152571699515, \""Mauna Loa All Natural Dry Roasted Macadamias (6 oz)\"": 0.14514795547082107, \""Polar Raspberry Lime Seltzer Cans (12 fl oz x 8 ct)\"": 0.2083571107240178, \""Bag Fee\"": 0.21928829015409643, \""Bottle Deposit aka CRV\"": 0.3896257468290539, \""Unknown Item\"": 0.16366146427092257}, \""SOLEIL WATER BERRY\"": {\""Reese's Zero Sugar Miniature Milk Chocolate & Peanut Butter Cups (5.1 oz)\"": 0.188837143905527, \""Russell Stover Sugar Free Chocolate Peanut Butter Cups (3 oz)\"": 0.20895553567023142, \""Value Corner 2 Ply Bathroom Tissue (12 ct)\"": 0.1549719855440769, \""V8 Original Vegetable Juice Cans (5.5 fl oz x 8 ct)\"": 0.24434753217952754, \""Organic Valencia Orange\"": 0.32707915188135395, \""Starbucks Unsweetened Medium Roast Premium Iced Coffee Beverage Bottle (48 oz)\"": 0.255734215127471, \""Gerolsteiner Natural Sparkling Mineral Water Bottle (25.3 oz)\"": 0.3791172259325722, \""Soleil Berry Sparkling Water Cans (12 oz x 8 ct)\"": 0.6040002956244828, \""O Organics Dried Mission Figs (7 oz)\"": 0.2851811797203104, \""Pure Leaf No Sugar Real Brewed Unsweetened Tea Bottle (18.5 fl oz)\"": 0.3226724996518507, \""Yellow Nectarine (each)\"": 0.30082044946567615, \""Mauna Loa All Natural Dry Roasted Macadamias (6 oz)\"": 0.20017252303696123, \""Polar Raspberry Lime Seltzer Cans (12 fl oz x 8 ct)\"": 0.34136540496328105, \""Bag Fee\"": 0.0, \""Bottle Deposit aka CRV\"": 0.0, \""Unknown Item\"": 0.15796520849266435}, \""CRV SFTDK 8 PK TAX\"": {\""Reese's Zero Sugar Miniature Milk Chocolate & Peanut Butter Cups (5.1 oz)\"": 0.2749963575561391, \""Russell Stover Sugar Free Chocolate Peanut Butter Cups (3 oz)\"": 0.2566691661956688, \""Value Corner 2 Ply Bathroom Tissue (12 ct)\"": 0.3355824584486808, \""V8 Original Vegetable Juice Cans (5.5 fl oz x 8 ct)\"": 0.41136823113374615, \""Organic Valencia Orange\"": 0.2133022364906036, \""Starbucks Unsweetened Medium Roast Premium Iced Coffee Beverage Bottle (48 oz)\"": 0.26569421458757014, \""Gerolsteiner Natural Sparkling Mineral Water Bottle (25.3 oz)\"": 0.24706011363485045, \""Soleil Berry Sparkling Water Cans (12 oz x 8 ct)\"": 0.37309519772797384, \""O Organics Dried Mission Figs (7 oz)\"": 0.26336591374777324, \""Pure Leaf No Sugar Real Brewed Unsweetened Tea Bottle (18.5 fl oz)\"": 0.23124093279187852, \""Yellow Nectarine (each)\"": 0.21930238375411376, \""Mauna Loa All Natural Dry Roasted Macadamias (6 oz)\"": 0.2003977407378371, \""Polar Raspberry Lime Seltzer Cans (12 fl oz x 8 ct)\"": 0.38411464387798044, \""Bag Fee\"": 0.32944247006478056, \""Bottle Deposit aka CRV\"": 0.44709596213516806, \""Unknown Item\"": 0.1450004176223648}, \""REESES ZERO SUGAR\"": {\""Reese's Zero Sugar Miniature Milk Chocolate & Peanut Butter Cups (5.1 oz)\"": 0.7214555357883038, \""Russell Stover Sugar Free Chocolate Peanut Butter Cups (3 oz)\"": 0.5809998390341409, \""Value Corner 2 Ply Bathroom Tissue (12 ct)\"": 0.17814781357875323, \""V8 Original Vegetable Juice Cans (5.5 fl oz x 8 ct)\"": 0.24783853681230744, \""Organic Valencia Orange\"": 0.28988692424235163, \""Starbucks Unsweetened Medium Roast Premium Iced Coffee Beverage Bottle (48 oz)\"": 0.29732625418873804, \""Gerolsteiner Natural Sparkling Mineral Water Bottle (25.3 oz)\"": 0.25081576902301683, \""Soleil Berry Sparkling Water Cans (12 oz x 8 ct)\"": 0.3112063372474216, \""O Organics Dried Mission Figs (7 oz)\"": 0.2927981173709122, \""Pure Leaf No Sugar Real Brewed Unsweetened Tea Bottle (18.5 fl oz)\"": 0.3637757839973479, \""Yellow Nectarine (each)\"": 0.23835197207622671, \""Mauna Loa All Natural Dry Roasted Macadamias (6 oz)\"": 0.29113468665384074, \""Polar Raspberry Lime Seltzer Cans (12 fl oz x 8 ct)\"": 0.35407488770433265, \""Bag Fee\"": 0.0, \""Bottle Deposit aka CRV\"": 0.0, \""Unknown Item\"": 0.18134926170655508}, \""V8 ORIGINAL JUICE\"": {\""Reese's Zero Sugar Miniature Milk Chocolate & Peanut Butter Cups (5.1 oz)\"": 0.2489401710829694, \""Russell Stover Sugar Free Chocolate Peanut Butter Cups (3 oz)\"": 0.23105473460658524, \""Value Corner 2 Ply Bathroom Tissue (12 ct)\"": 0.1863631114204479, \""V8 Original Vegetable Juice Cans (5.5 fl oz x 8 ct)\"": 0.7028893029707769, \""Organic Valencia Orange\"": 0.4237634595288093, \""Starbucks Unsweetened Medium Roast Premium Iced Coffee Beverage Bottle (48 oz)\"": 0.36186674333868907, \""Gerolsteiner Natural Sparkling Mineral Water Bottle (25.3 oz)\"": 0.3127282155291706, \""Soleil Berry Sparkling Water Cans (12 oz x 8 ct)\"": 0.41428474370336094, \""O Organics Dried Mission Figs (7 oz)\"": 0.37332149457386954, \""Pure Leaf No Sugar Real Brewed Unsweetened Tea Bottle (18.5 fl oz)\"": 0.3664928531280151, \""Yellow Nectarine (each)\"": 0.2856610432578104, \""Mauna Loa All Natural Dry Roasted Macadamias (6 oz)\"": 0.30671766789736216, \""Polar Raspberry Lime Seltzer Cans (12 fl oz x 8 ct)\"": 0.38728283671168756, \""Bag Fee\"": 0.0, \""Bottle Deposit aka CRV\"": 0.0, \""Unknown Item\"": 0.1616657574480406}, \""CRV GROC 8 PK NTX\"": {\""Reese's Zero Sugar Miniature Milk Chocolate & Peanut Butter Cups (5.1 oz)\"": 0.31987654453485936, \""Russell Stover Sugar Free Chocolate Peanut Butter Cups (3 oz)\"": 0.29894096825693445, \""Value Corner 2 Ply Bathroom Tissue (12 ct)\"": 0.37027172408507036, \""V8 Original Vegetable Juice Cans (5.5 fl oz x 8 ct)\"": 0.4621485838133373, \""Organic Valencia Orange\"": 0.32328134559132454, \""Starbucks Unsweetened Medium Roast Premium Iced Coffee Beverage Bottle (48 oz)\"": 0.3512912020271187, \""Gerolsteiner Natural Sparkling Mineral Water Bottle (25.3 oz)\"": 0.32687710651653673, \""Soleil Berry Sparkling Water Cans (12 oz x 8 ct)\"": 0.4069747686499419, \""O Organics Dried Mission Figs (7 oz)\"": 0.33948335797282914, \""Pure Leaf No Sugar Real Brewed Unsweetened Tea Bottle (18.5 fl oz)\"": 0.2888071521576518, \""Yellow Nectarine (each)\"": 0.2928361011273237, \""Mauna Loa All Natural Dry Roasted Macadamias (6 oz)\"": 0.2808413295554334, \""Polar Raspberry Lime Seltzer Cans (12 fl oz x 8 ct)\"": 0.40221097426530844, \""Bag Fee\"": 0.28621037428248114, \""Bottle Deposit aka CRV\"": 0.4931755215063571, \""Unknown Item\"": 0.1448701026797763}, \""POLAR SELTZER\"": {\""Reese's Zero Sugar Miniature Milk Chocolate & Peanut Butter Cups (5.1 oz)\"": 0.2602675186270955, \""Russell Stover Sugar Free Chocolate Peanut Butter Cups (3 oz)\"": 0.2767610627736495, \""Value Corner 2 Ply Bathroom Tissue (12 ct)\"": 0.21140616448356636, \""V8 Original Vegetable Juice Cans (5.5 fl oz x 8 ct)\"": 0.29508511564393386, \""Organic Valencia Orange\"": 0.2822975786111925, \""Starbucks Unsweetened Medium Roast Premium Iced Coffee Beverage Bottle (48 oz)\"": 0.3438517062060521, \""Gerolsteiner Natural Sparkling Mineral Water Bottle (25.3 oz)\"": 0.467040643301889, \""Soleil Berry Sparkling Water Cans (12 oz x 8 ct)\"": 0.4922530563233608, \""O Organics Dried Mission Figs (7 oz)\"": 0.24121011575375453, \""Pure Leaf No Sugar Real Brewed Unsweetened Tea Bottle (18.5 fl oz)\"": 0.35752706739133266, \""Yellow Nectarine (each)\"": 0.22046183644496978, \""Mauna Loa All Natural Dry Roasted Macadamias (6 oz)\"": 0.1968865131390672, \""Polar Raspberry Lime Seltzer Cans (12 fl oz x 8 ct)\"": 0.636170577576179, \""Bag Fee\"": 0.0, \""Bottle Deposit aka CRV\"": 0.0, \""Unknown Item\"": 0.16061256732719598}, \""M LOA MACADAMIAS\"": {\""Reese's Zero Sugar Miniature Milk Chocolate & Peanut Butter Cups (5.1 oz)\"": 0.24536278121786212, \""Russell Stover Sugar Free Chocolate Peanut Butter Cups (3 oz)\"": 0.25194852185511796, \""Value Corner 2 Ply Bathroom Tissue (12 ct)\"": 0.1213714865069363, \""V8 Original Vegetable Juice Cans (5.5 fl oz x 8 ct)\"": 0.1818008845950464, \""Organic Valencia Orange\"": 0.314382212794334, \""Starbucks Unsweetened Medium Roast Premium Iced Coffee Beverage Bottle (48 oz)\"": 0.19010378939086195, \""Gerolsteiner Natural Sparkling Mineral Water Bottle (25.3 oz)\"": 0.15304425404907462, \""Soleil Berry Sparkling Water Cans (12 oz x 8 ct)\"": 0.2064179227998582, \""O Organics Dried Mission Figs (7 oz)\"": 0.3202030879758249, \""Pure Leaf No Sugar Real Brewed Unsweetened Tea Bottle (18.5 fl oz)\"": 0.18576116064712164, \""Yellow Nectarine (each)\"": 0.2651530816206599, \""Mauna Loa All Natural Dry Roasted Macadamias (6 oz)\"": 0.5641005887311956, \""Polar Raspberry Lime Seltzer Cans (12 fl oz x 8 ct)\"": 0.1637394594663983, \""Bag Fee\"": 0.0, \""Bottle Deposit aka CRV\"": 0.0, \""Unknown Item\"": 0.23638377502880184}, \""GEROLSTIENER WTR\"": {\""Reese's Zero Sugar Miniature Milk Chocolate & Peanut Butter Cups (5.1 oz)\"": 0.18069480792777692, \""Russell Stover Sugar Free Chocolate Peanut Butter Cups (3 oz)\"": 0.20416674445351382, \""Value Corner 2 Ply Bathroom Tissue (12 ct)\"": 0.16888494115988392, \""V8 Original Vegetable Juice Cans (5.5 fl oz x 8 ct)\"": 0.2393680861631461, \""Organic Valencia Orange\"": 0.2502736063327172, \""Starbucks Unsweetened Medium Roast Premium Iced Coffee Beverage Bottle (48 oz)\"": 0.2979660590426176, \""Gerolsteiner Natural Sparkling Mineral Water Bottle (25.3 oz)\"": 0.525333505464512, \""Soleil Berry Sparkling Water Cans (12 oz x 8 ct)\"": 0.3620220418885804, \""O Organics Dried Mission Figs (7 oz)\"": 0.20002550111284909, \""Pure Leaf No Sugar Real Brewed Unsweetened Tea Bottle (18.5 fl oz)\"": 0.3057646265495913, \""Yellow Nectarine (each)\"": 0.19738141044777768, \""Mauna Loa All Natural Dry Roasted Macadamias (6 oz)\"": 0.20276666052294198, \""Polar Raspberry Lime Seltzer Cans (12 fl oz x 8 ct)\"": 0.33218102662795157, \""Bag Fee\"": 0.0, \""Bottle Deposit aka CRV\"": 0.0, \""Unknown Item\"": 0.17457987554049303}, \""R STOVER CDY BAG\"": {\""Reese's Zero Sugar Miniature Milk Chocolate & Peanut Butter Cups (5.1 oz)\"": 0.30863310323636495, \""Russell Stover Sugar Free Chocolate Peanut Butter Cups (3 oz)\"": 0.3526419162344462, \""Value Corner 2 Ply Bathroom Tissue (12 ct)\"": 0.2460852581913413, \""V8 Original Vegetable Juice Cans (5.5 fl oz x 8 ct)\"": 0.27259928980842624, \""Organic Valencia Orange\"": 0.22961903148250723, \""Starbucks Unsweetened Medium Roast Premium Iced Coffee Beverage Bottle (48 oz)\"": 0.28573280250980754, \""Gerolsteiner Natural Sparkling Mineral Water Bottle (25.3 oz)\"": 0.24638165194084044, \""Soleil Berry Sparkling Water Cans (12 oz x 8 ct)\"": 0.2730612806593052, \""O Organics Dried Mission Figs (7 oz)\"": 0.29873592358810136, \""Pure Leaf No Sugar Real Brewed Unsweetened Tea Bottle (18.5 fl oz)\"": 0.23426837191731933, \""Yellow Nectarine (each)\"": 0.20743641245908065, \""Mauna Loa All Natural Dry Roasted Macadamias (6 oz)\"": 0.23640936337427598, \""Polar Raspberry Lime Seltzer Cans (12 fl oz x 8 ct)\"": 0.26711463248334294, \""Bag Fee\"": 0.0, \""Bottle Deposit aka CRV\"": 0.0, \""Unknown Item\"": 0.2746395893771722}, \""V CRNR BATH TISSUE\"": {\""Reese's Zero Sugar Miniature Milk Chocolate & Peanut Butter Cups (5.1 oz)\"": 0.21713226996810786, \""Russell Stover Sugar Free Chocolate Peanut Butter Cups (3 oz)\"": 0.24802429578760382, \""Value Corner 2 Ply Bathroom Tissue (12 ct)\"": 0.6576809423629184, \""V8 Original Vegetable Juice Cans (5.5 fl oz x 8 ct)\"": 0.24438427968571683, \""Organic Valencia Orange\"": 0.21392900403360035, \""Starbucks Unsweetened Medium Roast Premium Iced Coffee Beverage Bottle (48 oz)\"": 0.18079870130777823, \""Gerolsteiner Natural Sparkling Mineral Water Bottle (25.3 oz)\"": 0.19753466287703206, \""Soleil Berry Sparkling Water Cans (12 oz x 8 ct)\"": 0.2233607538975853, \""O Organics Dried Mission Figs (7 oz)\"": 0.22182574101539718, \""Pure Leaf No Sugar Real Brewed Unsweetened Tea Bottle (18.5 fl oz)\"": 0.1757534085986983, \""Yellow Nectarine (each)\"": 0.2201302294576749, \""Mauna Loa All Natural Dry Roasted Macadamias (6 oz)\"": 0.16160709276538177, \""Polar Raspberry Lime Seltzer Cans (12 fl oz x 8 ct)\"": 0.24552945235326462, \""Bag Fee\"": 0.0, \""Bottle Deposit aka CRV\"": 0.0, \""Unknown Item\"": 0.2060233505384891}, \""STRBKS ICED COFF\"": {\""Reese's Zero Sugar Miniature Milk Chocolate & Peanut Butter Cups (5.1 oz)\"": 0.24940163292002568, \""Russell Stover Sugar Free Chocolate Peanut Butter Cups (3 oz)\"": 0.2975268725024911, \""Value Corner 2 Ply Bathroom Tissue (12 ct)\"": 0.13912103367687342, \""V8 Original Vegetable Juice Cans (5.5 fl oz x 8 ct)\"": 0.2075797607843419, \""Organic Valencia Orange\"": 0.23436576475770765, \""Starbucks Unsweetened Medium Roast Premium Iced Coffee Beverage Bottle (48 oz)\"": 0.45167545238742435, \""Gerolsteiner Natural Sparkling Mineral Water Bottle (25.3 oz)\"": 0.23626886547019374, \""Soleil Berry Sparkling Water Cans (12 oz x 8 ct)\"": 0.29423644023864237, \""O Organics Dried Mission Figs (7 oz)\"": 0.21966512004227406, \""Pure Leaf No Sugar Real Brewed Unsweetened Tea Bottle (18.5 fl oz)\"": 0.2837567552783012, \""Yellow Nectarine (each)\"": 0.1940629273756234, \""Mauna Loa All Natural Dry Roasted Macadamias (6 oz)\"": 0.18851080808791834, \""Polar Raspberry Lime Seltzer Cans (12 fl oz x 8 ct)\"": 0.2840134124293122, \""Bag Fee\"": 0.0, \""Bottle Deposit aka CRV\"": 0.0, \""Unknown Item\"": 0.21798203451611708}, \""CRV REFRG SNGL NTX\"": {\""Reese's Zero Sugar Miniature Milk Chocolate & Peanut Butter Cups (5.1 oz)\"": 0.23426546169558404, \""Russell Stover Sugar Free Chocolate Peanut Butter Cups (3 oz)\"": 0.21357031902313658, \""Value Corner 2 Ply Bathroom Tissue (12 ct)\"": 0.23375953724310952, \""V8 Original Vegetable Juice Cans (5.5 fl oz x 8 ct)\"": 0.260614628605358, \""Organic Valencia Orange\"": 0.24766674240061887, \""Starbucks Unsweetened Medium Roast Premium Iced Coffee Beverage Bottle (48 oz)\"": 0.25098228532633166, \""Gerolsteiner Natural Sparkling Mineral Water Bottle (25.3 oz)\"": 0.2597272460108743, \""Soleil Berry Sparkling Water Cans (12 oz x 8 ct)\"": 0.2727639823016556, \""O Organics Dried Mission Figs (7 oz)\"": 0.1895561932707644, \""Pure Leaf No Sugar Real Brewed Unsweetened Tea Bottle (18.5 fl oz)\"": 0.21485481887943325, \""Yellow Nectarine (each)\"": 0.2739189589541352, \""Mauna Loa All Natural Dry Roasted Macadamias (6 oz)\"": 0.17976007360955745, \""Polar Raspberry Lime Seltzer Cans (12 fl oz x 8 ct)\"": 0.2704458668199107, \""Bag Fee\"": 0.23229857944822702, \""Bottle Deposit aka CRV\"": 0.44602929148948395, \""Unknown Item\"": 0.17108724307137016}, \""ORGNC VAL ORANGES\"": {\""Reese's Zero Sugar Miniature Milk Chocolate & Peanut Butter Cups (5.1 oz)\"": 0.21157645469625322, \""Russell Stover Sugar Free Chocolate Peanut Butter Cups (3 oz)\"": 0.22120550195803146, \""Value Corner 2 Ply Bathroom Tissue (12 ct)\"": 0.22687686711506677, \""V8 Original Vegetable Juice Cans (5.5 fl oz x 8 ct)\"": 0.3586904031582356, \""Organic Valencia Orange\"": 0.6665169959251256, \""Starbucks Unsweetened Medium Roast Premium Iced Coffee Beverage Bottle (48 oz)\"": 0.2148306969861872, \""Gerolsteiner Natural Sparkling Mineral Water Bottle (25.3 oz)\"": 0.2675484257932393, \""Soleil Berry Sparkling Water Cans (12 oz x 8 ct)\"": 0.2957080847046435, \""O Organics Dried Mission Figs (7 oz)\"": 0.4354934704675176, \""Pure Leaf No Sugar Real Brewed Unsweetened Tea Bottle (18.5 fl oz)\"": 0.2421747917133103, \""Yellow Nectarine (each)\"": 0.4146780930037572, \""Mauna Loa All Natural Dry Roasted Macadamias (6 oz)\"": 0.26078321706744706, \""Polar Raspberry Lime Seltzer Cans (12 fl oz x 8 ct)\"": 0.24344995431592448, \""Bag Fee\"": 0.0, \""Bottle Deposit aka CRV\"": 0.0, \""Unknown Item\"": 0.2554404022377185}, \""O ORG DRIED FIGS\"": {\""Reese's Zero Sugar Miniature Milk Chocolate & Peanut Butter Cups (5.1 oz)\"": 0.2540413309899988, \""Russell Stover Sugar Free Chocolate Peanut Butter Cups (3 oz)\"": 0.2695088303620375, \""Value Corner 2 Ply Bathroom Tissue (12 ct)\"": 0.13176770680139874, \""V8 Original Vegetable Juice Cans (5.5 fl oz x 8 ct)\"": 0.2711056901823705, \""Organic Valencia Orange\"": 0.43946725282515403, \""Starbucks Unsweetened Medium Roast Premium Iced Coffee Beverage Bottle (48 oz)\"": 0.1960632540781308, \""Gerolsteiner Natural Sparkling Mineral Water Bottle (25.3 oz)\"": 0.219539459129685, \""Soleil Berry Sparkling Water Cans (12 oz x 8 ct)\"": 0.2558924394881111, \""O Organics Dried Mission Figs (7 oz)\"": 0.6797056766137851, \""Pure Leaf No Sugar Real Brewed Unsweetened Tea Bottle (18.5 fl oz)\"": 0.23168900433726028, \""Yellow Nectarine (each)\"": 0.31271614983826934, \""Mauna Loa All Natural Dry Roasted Macadamias (6 oz)\"": 0.31498152804161955, \""Polar Raspberry Lime Seltzer Cans (12 fl oz x 8 ct)\"": 0.2101268686079972, \""Bag Fee\"": 0.0, \""Bottle Deposit aka CRV\"": 0.0, \""Unknown Item\"": 0.21392947441133392}, \""LARGE NECTARINES\"": {\""Reese's Zero Sugar Miniature Milk Chocolate & Peanut Butter Cups (5.1 oz)\"": 0.2574693621004368, \""Russell Stover Sugar Free Chocolate Peanut Butter Cups (3 oz)\"": 0.2548731509386774, \""Value Corner 2 Ply Bathroom Tissue (12 ct)\"": 0.18755407753031442, \""V8 Original Vegetable Juice Cans (5.5 fl oz x 8 ct)\"": 0.2588950574788437, \""Organic Valencia Orange\"": 0.4127464931427563, \""Starbucks Unsweetened Medium Roast Premium Iced Coffee Beverage Bottle (48 oz)\"": 0.2534663155519961, \""Gerolsteiner Natural Sparkling Mineral Water Bottle (25.3 oz)\"": 0.24132855685613538, \""Soleil Berry Sparkling Water Cans (12 oz x 8 ct)\"": 0.2778188795833599, \""O Organics Dried Mission Figs (7 oz)\"": 0.3529663692897805, \""Pure Leaf No Sugar Real Brewed Unsweetened Tea Bottle (18.5 fl oz)\"": 0.24116953220809198, \""Yellow Nectarine (each)\"": 0.6023424686938679, \""Mauna Loa All Natural Dry Roasted Macadamias (6 oz)\"": 0.3262246601098932, \""Polar Raspberry Lime Seltzer Cans (12 fl oz x 8 ct)\"": 0.2619623487828764, \""Bag Fee\"": 0.0, \""Bottle Deposit aka CRV\"": 0.0, \""Unknown Item\"": 0.2299846170866032}, \""RCYCBLE BAG CHARGE\"": {\""Reese's Zero Sugar Miniature Milk Chocolate & Peanut Butter Cups (5.1 oz)\"": 0.18242172503152546, \""Russell Stover Sugar Free Chocolate Peanut Butter Cups (3 oz)\"": 0.1605531874939975, \""Value Corner 2 Ply Bathroom Tissue (12 ct)\"": 0.16054317497178627, \""V8 Original Vegetable Juice Cans (5.5 fl oz x 8 ct)\"": 0.15422625353961805, \""Organic Valencia Orange\"": 0.14636890300030841, \""Starbucks Unsweetened Medium Roast Premium Iced Coffee Beverage Bottle (48 oz)\"": 0.12010089430477305, \""Gerolsteiner Natural Sparkling Mineral Water Bottle (25.3 oz)\"": 0.0985539928595399, \""Soleil Berry Sparkling Water Cans (12 oz x 8 ct)\"": 0.16312745241761986, \""O Organics Dried Mission Figs (7 oz)\"": 0.14886037782804565, \""Pure Leaf No Sugar Real Brewed Unsweetened Tea Bottle (18.5 fl oz)\"": 0.14172340420219062, \""Yellow Nectarine (each)\"": 0.19675160412133053, \""Mauna Loa All Natural Dry Roasted Macadamias (6 oz)\"": 0.1131959997135002, \""Polar Raspberry Lime Seltzer Cans (12 fl oz x 8 ct)\"": 0.1740276312687304, \""Bag Fee\"": 0.6045913013407572, \""Bottle Deposit aka CRV\"": 0.4036342687253838, \""Unknown Item\"": 0.12498598328384747}, \""Unknown Item\"": {\""Reese's Zero Sugar Miniature Milk Chocolate & Peanut Butter Cups (5.1 oz)\"": 0.19176665762293962, \""Russell Stover Sugar Free Chocolate Peanut Butter Cups (3 oz)\"": 0.17214096985137695, \""Value Corner 2 Ply Bathroom Tissue (12 ct)\"": 0.17263675309279844, \""V8 Original Vegetable Juice Cans (5.5 fl oz x 8 ct)\"": 0.15020281476820216, \""Organic Valencia Orange\"": 0.19756082518178533, \""Starbucks Unsweetened Medium Roast Premium Iced Coffee Beverage Bottle (48 oz)\"": 0.21297112129639853, \""Gerolsteiner Natural Sparkling Mineral Water Bottle (25.3 oz)\"": 0.13888979030679863, \""Soleil Berry Sparkling Water Cans (12 oz x 8 ct)\"": 0.16635436072362011, \""O Organics Dried Mission Figs (7 oz)\"": 0.2252260961735098, \""Pure Leaf No Sugar Real Brewed Unsweetened Tea Bottle (18.5 fl oz)\"": 0.18154119058240858, \""Yellow Nectarine (each)\"": 0.24161035014515042, \""Mauna Loa All Natural Dry Roasted Macadamias (6 oz)\"": 0.18054335481402292, \""Polar Raspberry Lime Seltzer Cans (12 fl oz x 8 ct)\"": 0.157204113424403, \""Bag Fee\"": 0.30045181350725836, \""Bottle Deposit aka CRV\"": 0.21779990495262982, \""Unknown Item\"": 0.9990009990989842}}""
  },
  {
    ""key"": ""total_amount"",
    ""value"": ""{\""money\"": {\""unit_amount\"": 9735, \""currency\"": \""USD\"", \""display_string\"": \""None97.35\"", \""decimal_places\"": 2, \""sign\"": null, \""symbol\"": null}, \""confidence_score\"": 1.0}""
  },
  {
    ""key"": ""discount_amount"",
    ""value"": ""{\""money\"": {\""unit_amount\"": 0, \""currency\"": \""USD\"", \""display_string\"": \""None0.00\"", \""decimal_places\"": 2, \""sign\"": null, \""symbol\"": null}, \""confidence_score\"": 1.0}""
  },
  {
    ""key"": ""business_id"",
    ""value"": ""697427""
  },
  {
    ""key"": ""subtotal_amount"",
    ""value"": ""{\""money\"": {\""unit_amount\"": 9735, \""currency\"": \""USD\"", \""display_string\"": \""None97.35\"", \""decimal_places\"": 2, \""sign\"": null, \""symbol\"": null}, \""confidence_score\"": 1.0}""
  },
  {
    ""key"": ""tax_confidence_score"",
    ""value"": ""1.0""
  },
  {
    ""key"": ""matched_item_info"",
    ""value"": ""[{\""merchant_supplied_id\"": \""3100023\"", \""display_name\"": \""Pure Leaf No Sugar Real Brewed Unsweetened Tea Bottle (18.5 fl oz)\"", \""ocr_description\"": \""LIPTON PURE LEAF\"", \""quantity\"": {\""value\"": 1.0}, \""price_per_unit\"": {\""unit_amount\"": 229, \""currency\"": \""USD\"", \""display_string\"": \""None2.29\"", \""decimal_places\"": 2, \""sign\"": null, \""symbol\"": null}, \""item_price\"": {\""unit_amount\"": 229, \""currency\"": \""USD\"", \""display_string\"": \""None2.29\"", \""decimal_places\"": 2, \""sign\"": null, \""symbol\"": null}, \""non_discount_price_per_unit\"": {\""unit_amount\"": 249, \""currency\"": \""USD\"", \""display_string\"": \""None2.49\"", \""decimal_places\"": 2, \""sign\"": null, \""symbol\"": null}, \""non_discount_item_price\"": {\""unit_amount\"": 249, \""currency\"": \""USD\"", \""display_string\"": \""None2.49\"", \""decimal_places\"": 2, \""sign\"": null, \""symbol\"": null}, \""sold_by_weight\"": false, \""confidence_score\"": 1.0}, {\""merchant_supplied_id\"": \""3200349_NONWI_8-12F\"", \""display_name\"": \""Soleil Berry Sparkling Water Cans (12 oz x 8 ct)\"", \""ocr_description\"": \""SOLEIL WATER BERRY\"", \""quantity\"": {\""value\"": 1.0}, \""price_per_unit\"": {\""unit_amount\"": 300, \""currency\"": \""USD\"", \""display_string\"": \""None3.00\"", \""decimal_places\"": 2, \""sign\"": null, \""symbol\"": null}, \""item_price\"": {\""unit_amount\"": 300, \""currency\"": \""USD\"", \""display_string\"": \""None3.00\"", \""decimal_places\"": 2, \""sign\"": null, \""symbol\"": null}, \""non_discount_price_per_unit\"": {\""unit_amount\"": 349, \""currency\"": \""USD\"", \""display_string\"": \""None3.49\"", \""decimal_places\"": 2, \""sign\"": null, \""symbol\"": null}, \""non_discount_item_price\"": {\""unit_amount\"": 349, \""currency\"": \""USD\"", \""display_string\"": \""None3.49\"", \""decimal_places\"": 2, \""sign\"": null, \""symbol\"": null}, \""sold_by_weight\"": false, \""confidence_score\"": 1.0}, {\""merchant_supplied_id\"": \""1012260\"", \""display_name\"": \""Reese's Zero Sugar Miniature Milk Chocolate & Peanut Butter Cups (5.1 oz)\"", \""ocr_description\"": \""REESES ZERO SUGAR\"", \""quantity\"": {\""value\"": 1.0}, \""price_per_unit\"": {\""unit_amount\"": 599, \""currency\"": \""USD\"", \""display_string\"": \""None5.99\"", \""decimal_places\"": 2, \""sign\"": null, \""symbol\"": null}, \""item_price\"": {\""unit_amount\"": 599, \""currency\"": \""USD\"", \""display_string\"": \""None5.99\"", \""decimal_places\"": 2, \""sign\"": null, \""symbol\"": null}, \""non_discount_price_per_unit\"": {\""unit_amount\"": 0, \""currency\"": \""USD\"", \""display_string\"": \""None0.00\"", \""decimal_places\"": 2, \""sign\"": null, \""symbol\"": null}, \""non_discount_item_price\"": {\""unit_amount\"": 0, \""currency\"": \""USD\"", \""display_string\"": \""None0.00\"", \""decimal_places\"": 2, \""sign\"": null, \""symbol\"": null}, \""sold_by_weight\"": false, \""confidence_score\"": 1.0}, {\""merchant_supplied_id\"": \""20010129\"", \""display_name\"": \""V8 Original Vegetable Juice Cans (5.5 fl oz x 8 ct)\"", \""ocr_description\"": \""V8 ORIGINAL JUICE\"", \""quantity\"": {\""value\"": 1.0}, \""price_per_unit\"": {\""unit_amount\"": 499, \""currency\"": \""USD\"", \""display_string\"": \""None4.99\"", \""decimal_places\"": 2, \""sign\"": null, \""symbol\"": null}, \""item_price\"": {\""unit_amount\"": 499, \""currency\"": \""USD\"", \""display_string\"": \""None4.99\"", \""decimal_places\"": 2, \""sign\"": null, \""symbol\"": null}, \""non_discount_price_per_unit\"": {\""unit_amount\"": 649, \""currency\"": \""USD\"", \""display_string\"": \""None6.49\"", \""decimal_places\"": 2, \""sign\"": null, \""symbol\"": null}, \""non_discount_item_price\"": {\""unit_amount\"": 649, \""currency\"": \""USD\"", \""display_string\"": \""None6.49\"", \""decimal_places\"": 2, \""sign\"": null, \""symbol\"": null}, \""sold_by_weight\"": false, \""confidence_score\"": 1.0}, {\""merchant_supplied_id\"": \""3201084\"", \""display_name\"": \""Polar Raspberry Lime Seltzer Cans (12 fl oz x 8 ct)\"", \""ocr_description\"": \""POLAR SELTZER\"", \""quantity\"": {\""value\"": 1.0}, \""price_per_unit\"": {\""unit_amount\"": 599, \""currency\"": \""USD\"", \""display_string\"": \""None5.99\"", \""decimal_places\"": 2, \""sign\"": null, \""symbol\"": null}, \""item_price\"": {\""unit_amount\"": 599, \""currency\"": \""USD\"", \""display_string\"": \""None5.99\"", \""decimal_places\"": 2, \""sign\"": null, \""symbol\"": null}, \""non_discount_price_per_unit\"": {\""unit_amount\"": 0, \""currency\"": \""USD\"", \""display_string\"": \""None0.00\"", \""decimal_places\"": 2, \""sign\"": null, \""symbol\"": null}, \""non_discount_item_price\"": {\""unit_amount\"": 0, \""currency\"": \""USD\"", \""display_string\"": \""None0.00\"", \""decimal_places\"": 2, \""sign\"": null, \""symbol\"": null}, \""sold_by_weight\"": false, \""confidence_score\"": 1.0}, {\""merchant_supplied_id\"": \""9500095\"", \""display_name\"": \""Mauna Loa All Natural Dry Roasted Macadamias (6 oz)\"", \""ocr_description\"": \""M LOA MACADAMIAS\"", \""quantity\"": {\""value\"": 1.0}, \""price_per_unit\"": {\""unit_amount\"": 1299, \""currency\"": \""USD\"", \""display_string\"": \""None12.99\"", \""decimal_places\"": 2, \""sign\"": null, \""symbol\"": null}, \""item_price\"": {\""unit_amount\"": 1299, \""currency\"": \""USD\"", \""display_string\"": \""None12.99\"", \""decimal_places\"": 2, \""sign\"": null, \""symbol\"": null}, \""non_discount_price_per_unit\"": {\""unit_amount\"": 0, \""currency\"": \""USD\"", \""display_string\"": \""None0.00\"", \""decimal_places\"": 2, \""sign\"": null, \""symbol\"": null}, \""non_discount_item_price\"": {\""unit_amount\"": 0, \""currency\"": \""USD\"", \""display_string\"": \""None0.00\"", \""decimal_places\"": 2, \""sign\"": null, \""symbol\"": null}, \""sold_by_weight\"": false, \""confidence_score\"": 1.0}, {\""merchant_supplied_id\"": \""3200411\"", \""display_name\"": \""Gerolsteiner Natural Sparkling Mineral Water Bottle (25.3 oz)\"", \""ocr_description\"": \""GEROLSTIENER WTR\"", \""quantity\"": {\""value\"": 3.0}, \""price_per_unit\"": {\""unit_amount\"": 399, \""currency\"": \""USD\"", \""display_string\"": \""None3.99\"", \""decimal_places\"": 2, \""sign\"": null, \""symbol\"": null}, \""item_price\"": {\""unit_amount\"": 1197, \""currency\"": \""USD\"", \""display_string\"": \""None11.97\"", \""decimal_places\"": 2, \""sign\"": null, \""symbol\"": null}, \""non_discount_price_per_unit\"": {\""unit_amount\"": 0, \""currency\"": \""USD\"", \""display_string\"": \""None0.00\"", \""decimal_places\"": 2, \""sign\"": null, \""symbol\"": null}, \""non_discount_item_price\"": {\""unit_amount\"": 0, \""currency\"": \""USD\"", \""display_string\"": \""None0.00\"", \""decimal_places\"": 2, \""sign\"": null, \""symbol\"": null}, \""sold_by_weight\"": false, \""confidence_score\"": 1.0}, {\""merchant_supplied_id\"": \""1012266\"", \""display_name\"": \""Russell Stover Sugar Free Chocolate Peanut Butter Cups (3 oz)\"", \""ocr_description\"": \""R STOVER CDY BAG\"", \""quantity\"": {\""value\"": 2.0}, \""price_per_unit\"": {\""unit_amount\"": 399, \""currency\"": \""USD\"", \""display_string\"": \""None3.99\"", \""decimal_places\"": 2, \""sign\"": null, \""symbol\"": null}, \""item_price\"": {\""unit_amount\"": 798, \""currency\"": \""USD\"", \""display_string\"": \""None7.98\"", \""decimal_places\"": 2, \""sign\"": null, \""symbol\"": null}, \""non_discount_price_per_unit\"": {\""unit_amount\"": 0, \""currency\"": \""USD\"", \""display_string\"": \""None0.00\"", \""decimal_places\"": 2, \""sign\"": null, \""symbol\"": null}, \""non_discount_item_price\"": {\""unit_amount\"": 0, \""currency\"": \""USD\"", \""display_string\"": \""None0.00\"", \""decimal_places\"": 2, \""sign\"": null, \""symbol\"": null}, \""sold_by_weight\"": false, \""confidence_score\"": 1.0}, {\""merchant_supplied_id\"": \""30010630_NONWI_12RL\"", \""display_name\"": \""Value Corner 2 Ply Bathroom Tissue (12 ct)\"", \""ocr_description\"": \""V CRNR BATH TISSUE\"", \""quantity\"": {\""value\"": 2.0}, \""price_per_unit\"": {\""unit_amount\"": 599, \""currency\"": \""USD\"", \""display_string\"": \""None5.99\"", \""decimal_places\"": 2, \""sign\"": null, \""symbol\"": null}, \""item_price\"": {\""unit_amount\"": 1198, \""currency\"": \""USD\"", \""display_string\"": \""None11.98\"", \""decimal_places\"": 2, \""sign\"": null, \""symbol\"": null}, \""non_discount_price_per_unit\"": {\""unit_amount\"": 0, \""currency\"": \""USD\"", \""display_string\"": \""None0.00\"", \""decimal_places\"": 2, \""sign\"": null, \""symbol\"": null}, \""non_discount_item_price\"": {\""unit_amount\"": 0, \""currency\"": \""USD\"", \""display_string\"": \""None0.00\"", \""decimal_places\"": 2, \""sign\"": null, \""symbol\"": null}, \""sold_by_weight\"": false, \""confidence_score\"": 1.0}, {\""merchant_supplied_id\"": \""39500016\"", \""display_name\"": \""Starbucks Unsweetened Medium Roast Premium Iced Coffee Beverage Bottle (48 oz)\"", \""ocr_description\"": \""STRBKS ICED COFF\"", \""quantity\"": {\""value\"": 2.0}, \""price_per_unit\"": {\""unit_amount\"": 599, \""currency\"": \""USD\"", \""display_string\"": \""None5.99\"", \""decimal_places\"": 2, \""sign\"": null, \""symbol\"": null}, \""item_price\"": {\""unit_amount\"": 1198, \""currency\"": \""USD\"", \""display_string\"": \""None11.98\"", \""decimal_places\"": 2, \""sign\"": null, \""symbol\"": null}, \""non_discount_price_per_unit\"": {\""unit_amount\"": 799, \""currency\"": \""USD\"", \""display_string\"": \""None7.99\"", \""decimal_places\"": 2, \""sign\"": null, \""symbol\"": null}, \""non_discount_item_price\"": {\""unit_amount\"": 1598, \""currency\"": \""USD\"", \""display_string\"": \""None15.98\"", \""decimal_places\"": 2, \""sign\"": null, \""symbol\"": null}, \""sold_by_weight\"": false, \""confidence_score\"": 1.0}, {\""merchant_supplied_id\"": \""84700037_WI_1LB\"", \""display_name\"": \""Organic Valencia Orange\"", \""ocr_description\"": \""ORGNC VAL ORANGES\"", \""quantity\"": {\""value\"": 2.59}, \""price_per_unit\"": {\""unit_amount\"": 199, \""currency\"": \""USD\"", \""display_string\"": \""None1.99\"", \""decimal_places\"": 2, \""sign\"": null, \""symbol\"": null}, \""item_price\"": {\""unit_amount\"": 515, \""currency\"": \""USD\"", \""display_string\"": \""None5.15\"", \""decimal_places\"": 2, \""sign\"": null, \""symbol\"": null}, \""non_discount_price_per_unit\"": {\""unit_amount\"": 0, \""currency\"": \""USD\"", \""display_string\"": \""None0.00\"", \""decimal_places\"": 2, \""sign\"": null, \""symbol\"": null}, \""non_discount_item_price\"": {\""unit_amount\"": 0, \""currency\"": \""USD\"", \""display_string\"": \""None0.00\"", \""decimal_places\"": 2, \""sign\"": null, \""symbol\"": null}, \""sold_by_weight\"": true, \""confidence_score\"": 1.0}, {\""merchant_supplied_id\"": \""84740432\"", \""display_name\"": \""O Organics Dried Mission Figs (7 oz)\"", \""ocr_description\"": \""O ORG DRIED FIGS\"", \""quantity\"": {\""value\"": 1.0}, \""price_per_unit\"": {\""unit_amount\"": 499, \""currency\"": \""USD\"", \""display_string\"": \""None4.99\"", \""decimal_places\"": 2, \""sign\"": null, \""symbol\"": null}, \""item_price\"": {\""unit_amount\"": 499, \""currency\"": \""USD\"", \""display_string\"": \""None4.99\"", \""decimal_places\"": 2, \""sign\"": null, \""symbol\"": null}, \""non_discount_price_per_unit\"": {\""unit_amount\"": 0, \""currency\"": \""USD\"", \""display_string\"": \""None0.00\"", \""decimal_places\"": 2, \""sign\"": null, \""symbol\"": null}, \""non_discount_item_price\"": {\""unit_amount\"": 0, \""currency\"": \""USD\"", \""display_string\"": \""None0.00\"", \""decimal_places\"": 2, \""sign\"": null, \""symbol\"": null}, \""sold_by_weight\"": false, \""confidence_score\"": 1.0}, {\""merchant_supplied_id\"": \""84140107_WI_1LB\"", \""display_name\"": \""Yellow Nectarine (each)\"", \""ocr_description\"": \""LARGE NECTARINES\"", \""quantity\"": {\""value\"": 2.04}, \""price_per_unit\"": {\""unit_amount\"": 299, \""currency\"": \""USD\"", \""display_string\"": \""None2.99\"", \""decimal_places\"": 2, \""sign\"": null, \""symbol\"": null}, \""item_price\"": {\""unit_amount\"": 610, \""currency\"": \""USD\"", \""display_string\"": \""None6.10\"", \""decimal_places\"": 2, \""sign\"": null, \""symbol\"": null}, \""non_discount_price_per_unit\"": {\""unit_amount\"": 0, \""currency\"": \""USD\"", \""display_string\"": \""None0.00\"", \""decimal_places\"": 2, \""sign\"": null, \""symbol\"": null}, \""non_discount_item_price\"": {\""unit_amount\"": 0, \""currency\"": \""USD\"", \""display_string\"": \""None0.00\"", \""decimal_places\"": 2, \""sign\"": null, \""symbol\"": null}, \""sold_by_weight\"": true, \""confidence_score\"": 1.0}]""
  },
  {
    ""key"": ""bag_fee_info"",
    ""value"": ""{\""quantity\"": {\""value\"": 2.0}, \""price_per_unit\"": {\""unit_amount\"": 10, \""currency\"": \""USD\"", \""display_string\"": \""None0.10\"", \""decimal_places\"": 2, \""sign\"": null, \""symbol\"": null}, \""item_price\"": {\""unit_amount\"": 20, \""currency\"": \""USD\"", \""display_string\"": \""None0.20\"", \""decimal_places\"": 2, \""sign\"": null, \""symbol\"": null}, \""confidence_score\"": 1.0}""
  },
  {
    ""key"": ""blink_items_df"",
    ""value"": ""{\""ocr_description\"": {\""0\"": \""LIPTON PURE LEAF\"", \""1\"": \""CRV SFTDK SNGL NTX\"", \""2\"": \""SOLEIL WATER BERRY\"", \""3\"": \""CRV SFTDK 8 PK TAX\"", \""4\"": \""REESES ZERO SUGAR\"", \""5\"": \""V8 ORIGINAL JUICE\"", \""6\"": \""CRV GROC 8 PK NTX\"", \""7\"": \""POLAR SELTZER\"", \""8\"": \""M LOA MACADAMIAS\"", \""9\"": \""GEROLSTIENER WTR\"", \""10\"": \""R STOVER CDY BAG\"", \""11\"": \""V CRNR BATH TISSUE\"", \""12\"": \""STRBKS ICED COFF\"", \""13\"": \""CRV REFRG SNGL NTX\"", \""14\"": \""ORGNC VAL ORANGES\"", \""15\"": \""O ORG DRIED FIGS\"", \""16\"": \""LARGE NECTARINES\"", \""17\"": \""RCYCBLE BAG CHARGE\"", \""18\"": \""discount_cents\"", \""19\"": \""subtotal_cents\"", \""20\"": \""total_tax_cents\"", \""21\"": \""total_cents\""}, \""quantity\"": {\""0\"": 1.0, \""1\"": 4.0, \""2\"": 1.0, \""3\"": 2.0, \""4\"": 1.0, \""5\"": 1.0, \""6\"": 1.0, \""7\"": 1.0, \""8\"": 1.0, \""9\"": 3.0, \""10\"": 2.0, \""11\"": 2.0, \""12\"": 2.0, \""13\"": 2.0, \""14\"": 2.59, \""15\"": 1.0, \""16\"": 2.04, \""17\"": 2.0, \""18\"": NaN, \""19\"": NaN, \""20\"": NaN, \""21\"": NaN}, \""price_per_unit_cents\"": {\""0\"": 229.0, \""1\"": 9.0, \""2\"": 300.0, \""3\"": 40.0, \""4\"": 599.0, \""5\"": 499.0, \""6\"": 40.0, \""7\"": 599.0, \""8\"": 1299.0, \""9\"": 399.0, \""10\"": 399.0, \""11\"": 599.0, \""12\"": 599.0, \""13\"": 10.0, \""14\"": 199.0, \""15\"": 499.0, \""16\"": 299.0, \""17\"": 10.0, \""18\"": NaN, \""19\"": NaN, \""20\"": NaN, \""21\"": NaN}, \""item_price_cents\"": {\""0\"": 229, \""1\"": 35, \""2\"": 300, \""3\"": 80, \""4\"": 599, \""5\"": 499, \""6\"": 40, \""7\"": 599, \""8\"": 1299, \""9\"": 1197, \""10\"": 798, \""11\"": 1198, \""12\"": 1198, \""13\"": 20, \""14\"": 515, \""15\"": 499, \""16\"": 610, \""17\"": 20, \""18\"": 0, \""19\"": 9735, \""20\"": 0, \""21\"": 9735}}""
  },
  {
    ""key"": ""input_swipe_amount"",
    ""value"": ""9735""
  },
  {
    ""key"": ""is_legible"",
    ""value"": ""true""
  },
  {
    ""key"": ""input_item_info"",
    ""value"": ""[{\""merchant_supplied_id\"": \""1012260\"", \""display_name\"": \""Reese's Zero Sugar Miniature Milk Chocolate & Peanut Butter Cups (5.1 oz)\"", \""scanned_barcode\"": null}, {\""merchant_supplied_id\"": \""1012266\"", \""display_name\"": \""Russell Stover Sugar Free Chocolate Peanut Butter Cups (3 oz)\"", \""scanned_barcode\"": null}, {\""merchant_supplied_id\"": \""30010630_NONWI_12RL\"", \""display_name\"": \""Value Corner 2 Ply Bathroom Tissue (12 ct)\"", \""scanned_barcode\"": null}, {\""merchant_supplied_id\"": \""20010129\"", \""display_name\"": \""V8 Original Vegetable Juice Cans (5.5 fl oz x 8 ct)\"", \""scanned_barcode\"": null}, {\""merchant_supplied_id\"": \""84700037_WI_1LB\"", \""display_name\"": \""Organic Valencia Orange\"", \""scanned_barcode\"": null}, {\""merchant_supplied_id\"": \""39500016\"", \""display_name\"": \""Starbucks Unsweetened Medium Roast Premium Iced Coffee Beverage Bottle (48 oz)\"", \""scanned_barcode\"": null}, {\""merchant_supplied_id\"": \""3200411\"", \""display_name\"": \""Gerolsteiner Natural Sparkling Mineral Water Bottle (25.3 oz)\"", \""scanned_barcode\"": null}, {\""merchant_supplied_id\"": \""3200349_NONWI_8-12F\"", \""display_name\"": \""Soleil Berry Sparkling Water Cans (12 oz x 8 ct)\"", \""scanned_barcode\"": null}, {\""merchant_supplied_id\"": \""84740432\"", \""display_name\"": \""O Organics Dried Mission Figs (7 oz)\"", \""scanned_barcode\"": null}, {\""merchant_supplied_id\"": \""3100023\"", \""display_name\"": \""Pure Leaf No Sugar Real Brewed Unsweetened Tea Bottle (18.5 fl oz)\"", \""scanned_barcode\"": null}, {\""merchant_supplied_id\"": \""84140107_WI_1LB\"", \""display_name\"": \""Yellow Nectarine (each)\"", \""scanned_barcode\"": null}, {\""merchant_supplied_id\"": \""9500095\"", \""display_name\"": \""Mauna Loa All Natural Dry Roasted Macadamias (6 oz)\"", \""scanned_barcode\"": null}, {\""merchant_supplied_id\"": \""3201084\"", \""display_name\"": \""Polar Raspberry Lime Seltzer Cans (12 fl oz x 8 ct)\"", \""scanned_barcode\"": {\""code\"": \""071537003635\"", \""format\"": \""UPCA\""}}]""
  },
  {
    ""key"": ""url"",
    ""value"": ""\""https://img.cdn4dd.com/cdn-cgi/image/format=auto/https://doordash-static.s3.amazonaws.com/media/photosV2/2dd2fd6b-989d-4307-9a4a-03d85858dc33-retina-large.jpeg\""""
  },
  {
    ""key"": ""sanity_checks"",
    ""value"": ""{\""swipe_match\"": true, \""subtotal_match\"": true, \""tax_match\"": true, \""items_length_match\"": true, \""ok_ocr_name_deduping\"": true, \""item_price_reasonableness\"": true, \""weights_look_ok\"": true, \""bag_fee_max_price\"": true, \""bottle_fee_max_price\"": true, \""bag_fee_max_count\"": true, \""bottle_fee_max_count\"": true, \""tax_vs_subtotal_sanity_check\"": true, \""has_no_unknown_items\"": true, \""has_no_missing_items\"": true, \""delivery_discounts_are_nonzero\"": true}""
  },
  {
    ""key"": ""bottle_fee_info"",
    ""value"": ""{\""quantity\"": {\""value\"": 9.0}, \""price_per_unit\"": {\""unit_amount\"": 19, \""currency\"": \""USD\"", \""display_string\"": \""None0.19\"", \""decimal_places\"": 2, \""sign\"": null, \""symbol\"": null}, \""item_price\"": {\""unit_amount\"": 175, \""currency\"": \""USD\"", \""display_string\"": \""None1.75\"", \""decimal_places\"": 2, \""sign\"": null, \""symbol\"": null}, \""confidence_score\"": 1.0}""
  },
  {
    ""key"": ""delivery_uuid"",
    ""value"": ""\""71b1b631-041d-3001-9053-0a14562ce921\""""
  },
  {
    ""key"": ""missing_item_info"",
    ""value"": ""[]""
  },
  {
    ""key"": ""tax_amount"",
    ""value"": ""{\""money\"": {\""unit_amount\"": 0, \""currency\"": \""USD\"", \""display_string\"": \""None0.00\"", \""decimal_places\"": 2, \""sign\"": null, \""symbol\"": null}, \""confidence_score\"": 1.0}""
  },
  {
    ""key"": ""confidence_score"",
    ""value"": ""1.0""
  },
  {
    ""key"": ""raw_blink_receipt"",
    ""value"": ""{\""banner_id\"": 8, \""barcode\"": \""00231800303702409081915\"", \""channel\"": {\""confidence\"": 100, \""value\"": \""Food\""}, \""isDigital\"": false, \""isFraudulent\"": false, \""is_blurry\"": false, \""is_instacart_shopper\"": false, \""is_receipt\"": true, \""is_screen\"": false, \""item_confidence\"": 99, \""last4cc\"": {\""confidence\"": 99.93492889404297, \""value\"": \""2096\""}, \""merchant_confidence\"": 99, \""merchant_name\"": \""Safeway\"", \""ocr_confidence\"": 99.81400299072266, \""phones\"": [{\""confidence\"": 99.98414611816406, \""value\"": \""415-927-1960\""}], \""products\"": [{\""fullPrice\"": {\""confidence\"": 0, \""value\"": 2.49}, \""line\"": 1012, \""price\"": {\""confidence\"": 99.94520568847656, \""value\"": 2.29}, \""price_postfix\"": \""S\"", \""qty\"": {\""confidence\"": 0, \""value\"": 1}, \""rpn\"": {\""confidence\"": 99.97897338867188, \""value\"": \""1200028620\""}, \""rsd\"": {\""confidence\"": 99.97897338867188, \""original_case_value\"": \""LIPTON PURE LEAF\"", \""value\"": \""LIPTON PURE LEAF\""}, \""totalPrice\"": {\""confidence\"": 0, \""value\"": 2.29}}, {\""infoLines\"": [{\""line\"": 1014, \""text\"": {\""confidence\"": 100, \""value\"": \""Member Savings -0.20\""}, \""type\"": {\""confidence\"": 100, \""value\"": \""Price Cut\""}}], \""line\"": 1013, \""price\"": {\""confidence\"": 100, \""value\"": 0.05}, \""price_postfix\"": \""S\"", \""qty\"": {\""confidence\"": 0, \""value\"": 1}, \""rpn\"": {\""confidence\"": 99.98844909667969, \""value\"": \""9401\""}, \""rsd\"": {\""confidence\"": 99.9089584350586, \""original_case_value\"": \""CRV SFTDK SNGL NTX\"", \""value\"": \""CRV SFTDK SNGL NTX\""}, \""totalPrice\"": {\""confidence\"": 0, \""value\"": 0.05}}, {\""fullPrice\"": {\""confidence\"": 0, \""value\"": 3.49}, \""line\"": 1015, \""price\"": {\""confidence\"": 99.97745513916016, \""value\"": 3}, \""price_postfix\"": \""B\"", \""qty\"": {\""confidence\"": 0, \""value\"": 1}, \""rpn\"": {\""confidence\"": 99.96979522705078, \""value\"": \""2113017997\""}, \""rsd\"": {\""confidence\"": 99.96979522705078, \""original_case_value\"": \""SOLEIL WATER BERRY\"", \""value\"": \""SOLEIL WATER BERRY\""}, \""totalPrice\"": {\""confidence\"": 0, \""value\"": 3}}, {\""infoLines\"": [{\""line\"": 1017, \""text\"": {\""confidence\"": 100, \""value\"": \""Member Savings -0.49\""}, \""type\"": {\""confidence\"": 100, \""value\"": \""Price Cut\""}}], \""line\"": 1016, \""price\"": {\""confidence\"": 100, \""value\"": 0.4}, \""price_postfix\"": \""B\"", \""qty\"": {\""confidence\"": 0, \""value\"": 1}, \""rpn\"": {\""confidence\"": 99.98818969726562, \""value\"": \""9409\""}, \""rsd\"": {\""confidence\"": 99.46662902832031, \""original_case_value\"": \""CRV SFTDK 8 PK TAX\"", \""value\"": \""CRV SFTDK 8 PK TAX\""}, \""totalPrice\"": {\""confidence\"": 0, \""value\"": 0.4}}, {\""line\"": 1018, \""price\"": {\""confidence\"": 100, \""value\"": 5.99}, \""price_postfix\"": \""S\"", \""qty\"": {\""confidence\"": 0, \""value\"": 1}, \""rpn\"": {\""confidence\"": 99.98126983642578, \""value\"": \""3400093839\""}, \""rsd\"": {\""confidence\"": 99.98126983642578, \""original_case_value\"": \""REESES ZERO SUGAR\"", \""value\"": \""REESES ZERO SUGAR\""}, \""totalPrice\"": {\""confidence\"": 0, \""value\"": 5.99}}, {\""fullPrice\"": {\""confidence\"": 0, \""value\"": 6.49}, \""line\"": 1019, \""price\"": {\""confidence\"": 99.96332550048828, \""value\"": 4.99}, \""price_postfix\"": \""S\"", \""qty\"": {\""confidence\"": 0, \""value\"": 1}, \""rpn\"": {\""confidence\"": 99.9839096069336, \""value\"": \""5100026844\""}, \""rsd\"": {\""confidence\"": 99.9839096069336, \""original_case_value\"": \""V8 ORIGINAL JUICE\"", \""value\"": \""V8 ORIGINAL JUICE\""}, \""totalPrice\"": {\""confidence\"": 0, \""value\"": 4.99}}, {\""infoLines\"": [{\""line\"": 1021, \""text\"": {\""confidence\"": 100, \""value\"": \""Member Savings -1.50\""}, \""type\"": {\""confidence\"": 100, \""value\"": \""Price Cut\""}}], \""line\"": 1020, \""price\"": {\""confidence\"": 100, \""value\"": 0.4}, \""price_postfix\"": \""S\"", \""qty\"": {\""confidence\"": 0, \""value\"": 1}, \""rpn\"": {\""confidence\"": 99.98812866210938, \""value\"": \""9308\""}, \""rsd\"": {\""confidence\"": 99.95714569091797, \""original_case_value\"": \""CRV GROC 8 PK NTX\"", \""value\"": \""CRV GROC 8 PK NTX\""}, \""totalPrice\"": {\""confidence\"": 0, \""value\"": 0.4}}, {\""line\"": 1022, \""price\"": {\""confidence\"": 100, \""value\"": 5.99}, \""price_postfix\"": \""B\"", \""qty\"": {\""confidence\"": 0, \""value\"": 1}, \""rpn\"": {\""confidence\"": 99.983642578125, \""value\"": \""7153700363\""}, \""rsd\"": {\""confidence\"": 99.983642578125, \""original_case_value\"": \""POLAR SELTZER\"", \""value\"": \""POLAR SELTZER\""}, \""totalPrice\"": {\""confidence\"": 0, \""value\"": 5.99}}, {\""line\"": 1023, \""price\"": {\""confidence\"": 100, \""value\"": 12.99}, \""price_postfix\"": \""S\"", \""qty\"": {\""confidence\"": 0, \""value\"": 1}, \""rpn\"": {\""confidence\"": 99.9502182006836, \""value\"": \""7299204019\""}, \""rsd\"": {\""confidence\"": 99.9502182006836, \""original_case_value\"": \""M LOA MACADAMIAS\"", \""value\"": \""M LOA MACADAMIAS\""}, \""totalPrice\"": {\""confidence\"": 0, \""value\"": 12.99}}, {\""line\"": 1024, \""price\"": {\""confidence\"": 100, \""value\"": 3.99}, \""price_postfix\"": \""S\"", \""qty\"": {\""confidence\"": 0, \""value\"": 3}, \""rpn\"": {\""confidence\"": 99.98324584960938, \""value\"": \""7550238667\""}, \""rsd\"": {\""confidence\"": 99.98324584960938, \""original_case_value\"": \""GEROLSTIENER WTR\"", \""value\"": \""GEROLSTIENER WTR\""}, \""totalPrice\"": {\""confidence\"": 0, \""value\"": 11.97}}, {\""line\"": 1025, \""price\"": {\""confidence\"": 100, \""value\"": 0.1}, \""price_postfix\"": \""S\"", \""qty\"": {\""confidence\"": 0, \""value\"": 3}, \""rpn\"": {\""confidence\"": 99.98751068115234, \""value\"": \""9451\""}, \""rsd\"": {\""confidence\"": 99.97398376464844, \""original_case_value\"": \""CRV SFTDK SNGL NTX\"", \""value\"": \""CRV SFTDK SNGL NTX\""}, \""totalPrice\"": {\""confidence\"": 0, \""value\"": 0.3}}, {\""line\"": 1026, \""price\"": {\""confidence\"": 100, \""value\"": 3.99}, \""price_postfix\"": \""S\"", \""qty\"": {\""confidence\"": 0, \""value\"": 2}, \""rpn\"": {\""confidence\"": 99.95313262939453, \""value\"": \""7726009622\""}, \""rsd\"": {\""confidence\"": 99.95313262939453, \""original_case_value\"": \""R STOVER CDY BAG\"", \""value\"": \""R STOVER CDY BAG\""}, \""totalPrice\"": {\""confidence\"": 0, \""value\"": 7.98}}, {\""infoLines\"": [{\""line\"": 1028, \""text\"": {\""confidence\"": 100, \""value\"": \""GROC NONEDIBLE\""}, \""type\"": {\""confidence\"": 100, \""value\"": \""\""}}], \""line\"": 1027, \""price\"": {\""confidence\"": 100, \""value\"": 0.4}, \""price_postfix\"": \""B\"", \""qty\"": {\""confidence\"": 0, \""value\"": 1}, \""rpn\"": {\""confidence\"": 99.98540496826172, \""value\"": \""9409\""}, \""rsd\"": {\""confidence\"": 99.96912384033203, \""original_case_value\"": \""CRV SFTDK 8 PK TAX\"", \""value\"": \""CRV SFTDK 8 PK TAX\""}, \""totalPrice\"": {\""confidence\"": 0, \""value\"": 0.4}}, {\""infoLines\"": [{\""line\"": 1030, \""text\"": {\""confidence\"": 100, \""value\"": \""REFRIG/FROZEN\""}, \""type\"": {\""confidence\"": 100, \""value\"": \""\""}}], \""line\"": 1029, \""price\"": {\""confidence\"": 100, \""value\"": 5.99}, \""price_postfix\"": \""T\"", \""qty\"": {\""confidence\"": 0, \""value\"": 2}, \""rpn\"": {\""confidence\"": 99.9840316772461, \""value\"": \""2113014663\""}, \""rsd\"": {\""confidence\"": 99.9840316772461, \""original_case_value\"": \""V CRNR BATH TISSUE\"", \""value\"": \""V CRNR BATH TISSUE\""}, \""totalPrice\"": {\""confidence\"": 0, \""value\"": 11.98}}, {\""fullPrice\"": {\""confidence\"": 0, \""value\"": 15.98}, \""line\"": 1031, \""price\"": {\""confidence\"": 100, \""value\"": 5.99}, \""price_postfix\"": \""S\"", \""qty\"": {\""confidence\"": 0, \""value\"": 2}, \""rpn\"": {\""confidence\"": 99.98277282714844, \""value\"": \""4850002238\""}, \""rsd\"": {\""confidence\"": 99.98277282714844, \""original_case_value\"": \""STRBKS ICED COFF\"", \""value\"": \""STRBKS ICED COFF\""}, \""totalPrice\"": {\""confidence\"": 0, \""value\"": 11.98}}, {\""infoLines\"": [{\""line\"": 1033, \""text\"": {\""confidence\"": 100, \""value\"": \""Member Savings -4.00\""}, \""type\"": {\""confidence\"": 100, \""value\"": \""Price Cut\""}}, {\""line\"": 1034, \""text\"": {\""confidence\"": 100, \""value\"": \""PRODUCE\""}, \""type\"": {\""confidence\"": 100, \""value\"": \""\""}}], \""line\"": 1032, \""price\"": {\""confidence\"": 100, \""value\"": 0.1}, \""price_postfix\"": \""S\"", \""qty\"": {\""confidence\"": 0, \""value\"": 2}, \""rpn\"": {\""confidence\"": 99.97708892822266, \""value\"": \""9762\""}, \""rsd\"": {\""confidence\"": 99.9791488647461, \""original_case_value\"": \""CRV REFRG SNGL NTX\"", \""value\"": \""CRV REFRG SNGL NTX\""}, \""totalPrice\"": {\""confidence\"": 0, \""value\"": 0.2}}, {\""infoLines\"": [{\""line\"": 1036, \""text\"": {\""confidence\"": 100, \""value\"": \""WT 2.59 lb @ $1.99 /lb\""}, \""type\"": {\""confidence\"": 100, \""value\"": \""Weight\""}}], \""line\"": 1035, \""price\"": {\""confidence\"": 0, \""value\"": 1.99}, \""price_postfix\"": \""S\"", \""qty\"": {\""confidence\"": 0, \""value\"": 2.59}, \""rpn\"": {\""confidence\"": 100, \""value\"": \""60504993108\""}, \""rsd\"": {\""confidence\"": 99.94409942626953, \""original_case_value\"": \""ORGNC VAL ORANGES\"", \""value\"": \""ORGNC VAL ORANGES\""}, \""totalPrice\"": {\""confidence\"": 0, \""value\"": 5.15}, \""uom\"": {\""confidence\"": 0, \""value\"": \""lb\""}}, {\""line\"": 1037, \""price\"": {\""confidence\"": 100, \""value\"": 4.99}, \""price_postfix\"": \""S\"", \""qty\"": {\""confidence\"": 0, \""value\"": 1}, \""rpn\"": {\""confidence\"": 99.56523895263672, \""value\"": \""7989341039\""}, \""rsd\"": {\""confidence\"": 99.56523895263672, \""original_case_value\"": \""O ORG DRIED FIGS\"", \""value\"": \""O ORG DRIED FIGS\""}, \""totalPrice\"": {\""confidence\"": 0, \""value\"": 4.99}}, {\""infoLines\"": [{\""line\"": 1039, \""text\"": {\""confidence\"": 100, \""value\"": \""WT 2.04 lb @ $2.99 /lb\""}, \""type\"": {\""confidence\"": 100, \""value\"": \""Weight\""}}, {\""line\"": 1040, \""text\"": {\""confidence\"": 100, \""value\"": \""MISCELLANEOUS\""}, \""type\"": {\""confidence\"": 100, \""value\"": \""\""}}], \""line\"": 1038, \""price\"": {\""confidence\"": 0, \""value\"": 2.99}, \""price_postfix\"": \""S\"", \""qty\"": {\""confidence\"": 0, \""value\"": 2.04}, \""rpn\"": {\""confidence\"": 100, \""value\"": \""89842900278\""}, \""rsd\"": {\""confidence\"": 99.95130920410156, \""original_case_value\"": \""LARGE NECTARINES\"", \""value\"": \""LARGE NECTARINES\""}, \""totalPrice\"": {\""confidence\"": 0, \""value\"": 6.1}, \""uom\"": {\""confidence\"": 0, \""value\"": \""lb\""}}, {\""line\"": 1041, \""price\"": {\""confidence\"": 100, \""value\"": 0.1}, \""qty\"": {\""confidence\"": 0, \""value\"": 2}, \""rpn\"": {\""confidence\"": 99.99177551269531, \""value\"": \""22147\""}, \""rsd\"": {\""confidence\"": 99.30886840820312, \""original_case_value\"": \""RCYCBLE BAG CHARGE\"", \""value\"": \""RCYCBLE BAG CHARGE\""}, \""totalPrice\"": {\""confidence\"": 0, \""value\"": 0.2}}], \""purchase_type\"": \""In-Store\"", \""raw_basket\"": \""1200028620 LIPTON PURE LEAF 2.49 2.29 S\\n9401 CRV SFTDK SNGL NTX 0.05 0.05 S\\nMember Savings -0.20\\n2113017997 SOLEIL WATER BERRY 3.49 3.00 B\\n9409 CRV SFTDK 8 PK TAX 0.40 0.40 B\\nMember Savings -0.49\\n3400093839 REESES ZERO SUGAR 5.99 5.99 S\\n5100026844 V8 ORIGINAL JUICE 6.49 4.99 S\\n9308 CRV GROC 8 PK NTX 0.40 0.40 S\\nMember Savings -1.50\\n7153700363 POLAR SELTZER 5.99 5.99 B\\n7299204019 M LOA MACADAMIAS 12.99 12.99 S\\n7550238667 3@ GEROLSTIENER WTR 11.97 11.97 S\\n9451 3@ CRV SFTDK SNGL NTX 0.30 0.30 S\\n7726009622 2@ R STOVER CDY BAG 7.98 7.98 S\\n9409 CRV SFTDK 8 PK TAX 0.40 0.40 B\\nGROC NONEDIBLE\\n2113014663 2@ V CRNR BATH TISSUE 11.98 11.98 T\\nREFRIG/FROZEN\\n4850002238 2@ STRBKS ICED COFF 15.98 11.98 S\\n9762 2@ CRV REFRG SNGL NTX 0.20 0.20 S\\nMember Savings -4.00\\nPRODUCE\\n60504993108 ORGNC VAL ORANGES 5.15 5.15 S\\nWT 2.59 lb @ $1.99 /lb\\n7989341039 0 ORG DRIED FIGS 4.99 4.99 S\\n89842900278 LARGE NECTARINES 6.10 6.10 S\\nWT 2.04 lb @ $2.99 /lb\\nMISCELLANEOUS\\n22147 20 RCYCBLE BAG CHARGE 0.20 0.20\\n\"", \""raw_text_array\"": [\""ir Jessy Lope\\nMain:(415) 927-1960\\n137 Corte Madera\\nCORTE MADERA CA 94925\\n\\n\\n\\n00231800303702409081915\\n--------------------------------------\\nYOUR CASHIER TODAY WAS BRENDA A.\\n--------------------------------------\\nGROCERY Price You Pay\\n1200028620 LIPTON PURE LEAF 2.49 2.29 S\\n9401 CRV SFTDK SNGL NTX 0.05 0.05 S\\nMember Savings -0.20\\n2113017997 SOLEIL WATER BERRY 3.49 3.00 B\\n9409 CRV SFTDK 8 PK TAX 0.40 0.40 B\\nMember Savings -0.49\\n3400093839 REESES ZERO SUGAR 5.99 5.99 S\\n5100026844 V8 ORIGINAL JUICE 6.49 4.99 S\\n9308 CRV GROC 8 PK NTX 0.40 0.40 S\\nMember Savings -1.50\\n7153700363 POLAR SELTZER 5.99 5.99 B\\n7299204019 M LOA MACADAMIAS 12.99 12.99 S\\n7550238667 3@ GEROLSTIENER WTR 11.97 11.97 S\\n9451 3@ CRV SFTDK SNGL NTX 0.30 0.30 S\\n7726009622 2@ R STOVER CDY BAG 7.98 7.98 S\\n9409 CRV SFTDK 8 PK TAX 0.40 0.40 B\\nGROC NONEDIBLE\\n2113014663 2@ V CRNR BATH TISSUE 11.98 11.98 T\\nREFRIG/FROZEN\\n4850002238 2@ STRBKS ICED COFF 15.98 11.98 S\\n9762 2@ CRV REFRG SNGL NTX 0.20 0.20 S\\nMember Savings -4.00\\nPRODUCE\\n60504993108 ORGNC VAL ORANGES 5.15 5.15 S\\nWT 2.59 lb @ $1.99 /lb\\n7989341039 0 ORG DRIED FIGS 4.99 4.99 S\\n89842900278 LARGE NECTARINES 6.10 6.10 S\\nWT 2.04 lb @ $2.99 /lb\\nMISCELLANEOUS\\n22147 20 RCYCBLE BAG CHARGE 0.20 0.20\\n\\nTAX 1.96\\nTAX EXEMPTION -1.96\\n**** BALANCE 97.35\\n\\nQR Mobile Pay 97.35\\nCHANGE 0.00\\nTAX EXEMPT ID: ****************2096\\n--------------------------------------\\nEarn Game On points by purchasing\\nparticipating items. Redeem for 49ers\\nexperiences or for a chance to win\\nFree Groceries for a year! Visit\\nsafeway.com/gameon for more details.\\n\""], \""raw_trip_footer\"": \""TAX 1.96\\nTAX EXEMPTION -1.96\\n**** BALANCE 97.35\\nQR Mobile Pay 97.35\\nCHANGE 0.00\\nTAX EXEMPT ID : ****************2096\\n--------------------------------------\\nEarn Game On points by purchasing\\nparticipating items. Redeem for 49ers\\nexperiences or for a chance to win\\nFree Groceries for a year! Visit\\nsafeway.com/gameon for more details.\\n\"", \""raw_trip_header\"": \""ir Jessy Lope\\nMain :(415) 927-1960\\n137 Corte Madera\\nCORTE MADERA CA 94925\\n00231800303702409081915\\n--------------------------------------\\nYOUR CASHIER TODAY WAS BRENDA A.\\n--------------------------------------\\nGROCERY Price You Pay\\n\"", \""store_city\"": {\""confidence\"": 100, \""value\"": \""Corte Madera\""}, \""store_state\"": {\""confidence\"": 100, \""value\"": \""CA\""}, \""store_street\"": {\""confidence\"": 100, \""value\"": \""137 Corte Madera Town Ctr.\""}, \""store_zip\"": {\""confidence\"": 100, \""value\"": \""94925\""}, \""subtotal\"": {\""confidence\"": 100, \""value\"": 97.35}, \""taxes\"": {\""confidence\"": 99.79949951171875, \""value\"": 0}, \""total\"": {\""confidence\"": 97.41816711425781, \""value\"": 97.35}, \""trip_confidence\"": 0, \""blink_receipt_id\"": \""c222efd2-a7da-4e9d-9bc2-e8819dd1b46a\"", \""cashback\"": 0, \""image_urls\"": [\""https://img.cdn4dd.com/cdn-cgi/image/format=auto/https://doordash-static.s3.amazonaws.com/media/photosV2/2dd2fd6b-989d-4307-9a4a-03d85858dc33-retina-large.jpeg\""], \""country_code\"": \""US\"", \""api_version\"": 14}""
  }
]"
"[
  {
    ""key"": ""unmatched_item_info"",
    ""value"": ""[]""
  },
  {
    ""key"": ""embedding_matching_df"",
    ""value"": ""{\""MCU TAIN DEW\"": {\""Mountain Dew Citrus Soda Cans (12 fl oz x 12 ct)\"": 0.24519002295428996, \""Edwards Frozen Chocolate Creme Pie (25.5 oz)\"": 0.16532882971522042, \""Pringles Salt & Vinegar Potato Crisps (5.5 oz)\"": 0.16952353922722826, \""Snack Pack Strawberry Juicy Gels Cups (3.25 oz x 4 ct)\"": 0.14669317662517486, \""Lucerne Foods Original Whipped Topping (6.5 oz)\"": 0.1856114500809353, \""Doritos Cool Ranch Tortilla Chips (9.25 oz)\"": 0.1791390958629133, \""Stouffer's Family Size Lasagna with Meat Sauce (38 oz)\"": 0.07151829704660996, \""Pumpkin (each)\"": 0.17070845104367663, \""Mike & Ike Original Fruits Chewy Assorted Fruit Flavored Candy (4.25 oz)\"": 0.18943746661699798, \""Bag Fee\"": 0.0, \""Bottle Deposit aka CRV\"": 0.0, \""Unknown Item\"": 0.2384877393852549}, \""HUNTS SNK PK GEL\"": {\""Mountain Dew Citrus Soda Cans (12 fl oz x 12 ct)\"": 0.1860334890778137, \""Edwards Frozen Chocolate Creme Pie (25.5 oz)\"": 0.1896366374660605, \""Pringles Salt & Vinegar Potato Crisps (5.5 oz)\"": 0.2530931437098594, \""Snack Pack Strawberry Juicy Gels Cups (3.25 oz x 4 ct)\"": 0.32598995285617377, \""Lucerne Foods Original Whipped Topping (6.5 oz)\"": 0.18931962242122832, \""Doritos Cool Ranch Tortilla Chips (9.25 oz)\"": 0.21435689677401806, \""Stouffer's Family Size Lasagna with Meat Sauce (38 oz)\"": 0.17439591838427515, \""Pumpkin (each)\"": 0.2290018584135952, \""Mike & Ike Original Fruits Chewy Assorted Fruit Flavored Candy (4.25 oz)\"": 0.20279566444109945, \""Bag Fee\"": 0.2496202752282638, \""Bottle Deposit aka CRV\"": 0.1416382775567803, \""Unknown Item\"": 0.2838104027130278}, \""DORITOS TORTILLA\"": {\""Mountain Dew Citrus Soda Cans (12 fl oz x 12 ct)\"": 0.31920614995138863, \""Edwards Frozen Chocolate Creme Pie (25.5 oz)\"": 0.25144202587488357, \""Pringles Salt & Vinegar Potato Crisps (5.5 oz)\"": 0.44579727252615753, \""Snack Pack Strawberry Juicy Gels Cups (3.25 oz x 4 ct)\"": 0.28870812662351847, \""Lucerne Foods Original Whipped Topping (6.5 oz)\"": 0.31121756532367095, \""Doritos Cool Ranch Tortilla Chips (9.25 oz)\"": 0.6191219791770605, \""Stouffer's Family Size Lasagna with Meat Sauce (38 oz)\"": 0.29357640361176796, \""Pumpkin (each)\"": 0.22118488418126842, \""Mike & Ike Original Fruits Chewy Assorted Fruit Flavored Candy (4.25 oz)\"": 0.2624498312580806, \""Bag Fee\"": 0.0, \""Bottle Deposit aka CRV\"": 0.0, \""Unknown Item\"": 0.1558231670470729}, \""PRINGLES SALT &\"": {\""Mountain Dew Citrus Soda Cans (12 fl oz x 12 ct)\"": 0.29426888720396094, \""Edwards Frozen Chocolate Creme Pie (25.5 oz)\"": 0.20559048850364317, \""Pringles Salt & Vinegar Potato Crisps (5.5 oz)\"": 0.6267593200629263, \""Snack Pack Strawberry Juicy Gels Cups (3.25 oz x 4 ct)\"": 0.28852577696798315, \""Lucerne Foods Original Whipped Topping (6.5 oz)\"": 0.2725510379454101, \""Doritos Cool Ranch Tortilla Chips (9.25 oz)\"": 0.37463740282517166, \""Stouffer's Family Size Lasagna with Meat Sauce (38 oz)\"": 0.20113821495703438, \""Pumpkin (each)\"": 0.22752608695263257, \""Mike & Ike Original Fruits Chewy Assorted Fruit Flavored Candy (4.25 oz)\"": 0.2521177544373764, \""Bag Fee\"": 0.0, \""Bottle Deposit aka CRV\"": 0.0, \""Unknown Item\"": 0.13753911776851652}, \""MIKE AND IKE\"": {\""Mountain Dew Citrus Soda Cans (12 fl oz x 12 ct)\"": 0.21686396224606064, \""Edwards Frozen Chocolate Creme Pie (25.5 oz)\"": 0.23026607504244032, \""Pringles Salt & Vinegar Potato Crisps (5.5 oz)\"": 0.2486822979076382, \""Snack Pack Strawberry Juicy Gels Cups (3.25 oz x 4 ct)\"": 0.2805791918971792, \""Lucerne Foods Original Whipped Topping (6.5 oz)\"": 0.2238998771530588, \""Doritos Cool Ranch Tortilla Chips (9.25 oz)\"": 0.212837046054368, \""Stouffer's Family Size Lasagna with Meat Sauce (38 oz)\"": 0.14306538798146318, \""Pumpkin (each)\"": 0.18246908465570513, \""Mike & Ike Original Fruits Chewy Assorted Fruit Flavored Candy (4.25 oz)\"": 0.6933638223322676, \""Bag Fee\"": 0.0, \""Bottle Deposit aka CRV\"": 0.0, \""Unknown Item\"": 0.17338515047220274}, \""STOUFFERS LASAGNA\"": {\""Mountain Dew Citrus Soda Cans (12 fl oz x 12 ct)\"": 0.18298152132542647, \""Edwards Frozen Chocolate Creme Pie (25.5 oz)\"": 0.3253215732515702, \""Pringles Salt & Vinegar Potato Crisps (5.5 oz)\"": 0.2668887092585155, \""Snack Pack Strawberry Juicy Gels Cups (3.25 oz x 4 ct)\"": 0.31136017961467416, \""Lucerne Foods Original Whipped Topping (6.5 oz)\"": 0.3411012545781313, \""Doritos Cool Ranch Tortilla Chips (9.25 oz)\"": 0.2976772323874506, \""Stouffer's Family Size Lasagna with Meat Sauce (38 oz)\"": 0.6396367793925681, \""Pumpkin (each)\"": 0.1986160024897642, \""Mike & Ike Original Fruits Chewy Assorted Fruit Flavored Candy (4.25 oz)\"": 0.18904676665738393, \""Bag Fee\"": 0.0, \""Bottle Deposit aka CRV\"": 0.0, \""Unknown Item\"": 0.16100370485894988}, \""LUC WHIPPING CREAM\"": {\""Mountain Dew Citrus Soda Cans (12 fl oz x 12 ct)\"": 0.23829108309312946, \""Edwards Frozen Chocolate Creme Pie (25.5 oz)\"": 0.3664498839301558, \""Pringles Salt & Vinegar Potato Crisps (5.5 oz)\"": 0.21666609978004714, \""Snack Pack Strawberry Juicy Gels Cups (3.25 oz x 4 ct)\"": 0.28618227105448923, \""Lucerne Foods Original Whipped Topping (6.5 oz)\"": 0.584415032614405, \""Doritos Cool Ranch Tortilla Chips (9.25 oz)\"": 0.2284238083657541, \""Stouffer's Family Size Lasagna with Meat Sauce (38 oz)\"": 0.2318546848118362, \""Pumpkin (each)\"": 0.2833368961383565, \""Mike & Ike Original Fruits Chewy Assorted Fruit Flavored Candy (4.25 oz)\"": 0.17990328745256945, \""Bag Fee\"": 0.0, \""Bottle Deposit aka CRV\"": 0.0, \""Unknown Item\"": 0.16227076912442237}, \""HRSHY EDWARDS CHOC\"": {\""Mountain Dew Citrus Soda Cans (12 fl oz x 12 ct)\"": 0.14425190468712606, \""Edwards Frozen Chocolate Creme Pie (25.5 oz)\"": 0.42481867609926005, \""Pringles Salt & Vinegar Potato Crisps (5.5 oz)\"": 0.19334398051403165, \""Snack Pack Strawberry Juicy Gels Cups (3.25 oz x 4 ct)\"": 0.2567845148224985, \""Lucerne Foods Original Whipped Topping (6.5 oz)\"": 0.24941290365956129, \""Doritos Cool Ranch Tortilla Chips (9.25 oz)\"": 0.21235002325158375, \""Stouffer's Family Size Lasagna with Meat Sauce (38 oz)\"": 0.12064894478274912, \""Pumpkin (each)\"": 0.2266084962856891, \""Mike & Ike Original Fruits Chewy Assorted Fruit Flavored Candy (4.25 oz)\"": 0.21010938702403978, \""Bag Fee\"": 0.0, \""Bottle Deposit aka CRV\"": 0.0, \""Unknown Item\"": 0.19400298664563342}, \""PUMPKINS\"": {\""Mountain Dew Citrus Soda Cans (12 fl oz x 12 ct)\"": 0.17782410949699243, \""Edwards Frozen Chocolate Creme Pie (25.5 oz)\"": 0.2354961846392096, \""Pringles Salt & Vinegar Potato Crisps (5.5 oz)\"": 0.21903000875010462, \""Snack Pack Strawberry Juicy Gels Cups (3.25 oz x 4 ct)\"": 0.21142357386299487, \""Lucerne Foods Original Whipped Topping (6.5 oz)\"": 0.25149007807589224, \""Doritos Cool Ranch Tortilla Chips (9.25 oz)\"": 0.21071256414738132, \""Stouffer's Family Size Lasagna with Meat Sauce (38 oz)\"": 0.16586682895648147, \""Pumpkin (each)\"": 0.6203788820791524, \""Mike & Ike Original Fruits Chewy Assorted Fruit Flavored Candy (4.25 oz)\"": 0.20482455355882098, \""Bag Fee\"": 0.21551093636691154, \""Bottle Deposit aka CRV\"": 0.17502540221216228, \""Unknown Item\"": 0.11051450899353349}, \""Unknown Item\"": {\""Mountain Dew Citrus Soda Cans (12 fl oz x 12 ct)\"": 0.1414822221075497, \""Edwards Frozen Chocolate Creme Pie (25.5 oz)\"": 0.1829792776759798, \""Pringles Salt & Vinegar Potato Crisps (5.5 oz)\"": 0.16424675327645719, \""Snack Pack Strawberry Juicy Gels Cups (3.25 oz x 4 ct)\"": 0.16983567741629677, \""Lucerne Foods Original Whipped Topping (6.5 oz)\"": 0.18034963069893495, \""Doritos Cool Ranch Tortilla Chips (9.25 oz)\"": 0.1874173481096293, \""Stouffer's Family Size Lasagna with Meat Sauce (38 oz)\"": 0.15149603543535708, \""Pumpkin (each)\"": 0.21006999929646553, \""Mike & Ike Original Fruits Chewy Assorted Fruit Flavored Candy (4.25 oz)\"": 0.16320138289220812, \""Bag Fee\"": 0.300414460999277, \""Bottle Deposit aka CRV\"": 0.21774851845191506, \""Unknown Item\"": 0.9990000776809496}}""
  },
  {
    ""key"": ""total_amount"",
    ""value"": ""{\""money\"": {\""unit_amount\"": 5789, \""currency\"": \""USD\"", \""display_string\"": \""None57.89\"", \""decimal_places\"": 2, \""sign\"": null, \""symbol\"": null}, \""confidence_score\"": 1.0}""
  },
  {
    ""key"": ""discount_amount"",
    ""value"": ""{\""money\"": {\""unit_amount\"": 0, \""currency\"": \""USD\"", \""display_string\"": \""None0.00\"", \""decimal_places\"": 2, \""sign\"": null, \""symbol\"": null}, \""confidence_score\"": 1.0}""
  },
  {
    ""key"": ""business_id"",
    ""value"": ""697427""
  },
  {
    ""key"": ""subtotal_amount"",
    ""value"": ""{\""money\"": {\""unit_amount\"": 5789, \""currency\"": \""USD\"", \""display_string\"": \""None57.89\"", \""decimal_places\"": 2, \""sign\"": null, \""symbol\"": null}, \""confidence_score\"": 1.0}""
  },
  {
    ""key"": ""tax_confidence_score"",
    ""value"": ""1.0""
  },
  {
    ""key"": ""matched_item_info"",
    ""value"": ""[{\""merchant_supplied_id\"": \""8050448\"", \""display_name\"": \""Mountain Dew Citrus Soda Cans (12 fl oz x 12 ct)\"", \""ocr_description\"": \""MCU TAIN DEW\"", \""quantity\"": {\""value\"": 1.0}, \""price_per_unit\"": {\""unit_amount\"": 999, \""currency\"": \""USD\"", \""display_string\"": \""None9.99\"", \""decimal_places\"": 2, \""sign\"": null, \""symbol\"": null}, \""item_price\"": {\""unit_amount\"": 999, \""currency\"": \""USD\"", \""display_string\"": \""None9.99\"", \""decimal_places\"": 2, \""sign\"": null, \""symbol\"": null}, \""non_discount_price_per_unit\"": {\""unit_amount\"": 0, \""currency\"": \""USD\"", \""display_string\"": \""None0.00\"", \""decimal_places\"": 2, \""sign\"": null, \""symbol\"": null}, \""non_discount_item_price\"": {\""unit_amount\"": 0, \""currency\"": \""USD\"", \""display_string\"": \""None0.00\"", \""decimal_places\"": 2, \""sign\"": null, \""symbol\"": null}, \""sold_by_weight\"": false, \""confidence_score\"": 1.0}, {\""merchant_supplied_id\"": \""12010044\"", \""display_name\"": \""Snack Pack Strawberry Juicy Gels Cups (3.25 oz x 4 ct)\"", \""ocr_description\"": \""HUNTS SNK PK GEL\"", \""quantity\"": {\""value\"": 1.0}, \""price_per_unit\"": {\""unit_amount\"": 150, \""currency\"": \""USD\"", \""display_string\"": \""None1.50\"", \""decimal_places\"": 2, \""sign\"": null, \""symbol\"": null}, \""item_price\"": {\""unit_amount\"": 150, \""currency\"": \""USD\"", \""display_string\"": \""None1.50\"", \""decimal_places\"": 2, \""sign\"": null, \""symbol\"": null}, \""non_discount_price_per_unit\"": {\""unit_amount\"": 179, \""currency\"": \""USD\"", \""display_string\"": \""None1.79\"", \""decimal_places\"": 2, \""sign\"": null, \""symbol\"": null}, \""non_discount_item_price\"": {\""unit_amount\"": 179, \""currency\"": \""USD\"", \""display_string\"": \""None1.79\"", \""decimal_places\"": 2, \""sign\"": null, \""symbol\"": null}, \""sold_by_weight\"": false, \""confidence_score\"": 1.0}, {\""merchant_supplied_id\"": \""9013987\"", \""display_name\"": \""Doritos Cool Ranch Tortilla Chips (9.25 oz)\"", \""ocr_description\"": \""DORITOS TORTILLA\"", \""quantity\"": {\""value\"": 1.0}, \""price_per_unit\"": {\""unit_amount\"": 579, \""currency\"": \""USD\"", \""display_string\"": \""None5.79\"", \""decimal_places\"": 2, \""sign\"": null, \""symbol\"": null}, \""item_price\"": {\""unit_amount\"": 579, \""currency\"": \""USD\"", \""display_string\"": \""None5.79\"", \""decimal_places\"": 2, \""sign\"": null, \""symbol\"": null}, \""non_discount_price_per_unit\"": {\""unit_amount\"": 629, \""currency\"": \""USD\"", \""display_string\"": \""None6.29\"", \""decimal_places\"": 2, \""sign\"": null, \""symbol\"": null}, \""non_discount_item_price\"": {\""unit_amount\"": 629, \""currency\"": \""USD\"", \""display_string\"": \""None6.29\"", \""decimal_places\"": 2, \""sign\"": null, \""symbol\"": null}, \""sold_by_weight\"": false, \""confidence_score\"": 1.0}, {\""merchant_supplied_id\"": \""9014954\"", \""display_name\"": \""Pringles Salt & Vinegar Potato Crisps (5.5 oz)\"", \""ocr_description\"": \""PRINGLES SALT &\"", \""quantity\"": {\""value\"": 1.0}, \""price_per_unit\"": {\""unit_amount\"": 269, \""currency\"": \""USD\"", \""display_string\"": \""None2.69\"", \""decimal_places\"": 2, \""sign\"": null, \""symbol\"": null}, \""item_price\"": {\""unit_amount\"": 269, \""currency\"": \""USD\"", \""display_string\"": \""None2.69\"", \""decimal_places\"": 2, \""sign\"": null, \""symbol\"": null}, \""non_discount_price_per_unit\"": {\""unit_amount\"": 299, \""currency\"": \""USD\"", \""display_string\"": \""None2.99\"", \""decimal_places\"": 2, \""sign\"": null, \""symbol\"": null}, \""non_discount_item_price\"": {\""unit_amount\"": 299, \""currency\"": \""USD\"", \""display_string\"": \""None2.99\"", \""decimal_places\"": 2, \""sign\"": null, \""symbol\"": null}, \""sold_by_weight\"": false, \""confidence_score\"": 1.0}, {\""merchant_supplied_id\"": \""1051573\"", \""display_name\"": \""Mike & Ike Original Fruits Chewy Assorted Fruit Flavored Candy (4.25 oz)\"", \""ocr_description\"": \""MIKE AND IKE\"", \""quantity\"": {\""value\"": 2.0}, \""price_per_unit\"": {\""unit_amount\"": 179, \""currency\"": \""USD\"", \""display_string\"": \""None1.79\"", \""decimal_places\"": 2, \""sign\"": null, \""symbol\"": null}, \""item_price\"": {\""unit_amount\"": 358, \""currency\"": \""USD\"", \""display_string\"": \""None3.58\"", \""decimal_places\"": 2, \""sign\"": null, \""symbol\"": null}, \""non_discount_price_per_unit\"": {\""unit_amount\"": 0, \""currency\"": \""USD\"", \""display_string\"": \""None0.00\"", \""decimal_places\"": 2, \""sign\"": null, \""symbol\"": null}, \""non_discount_item_price\"": {\""unit_amount\"": 0, \""currency\"": \""USD\"", \""display_string\"": \""None0.00\"", \""decimal_places\"": 2, \""sign\"": null, \""symbol\"": null}, \""sold_by_weight\"": false, \""confidence_score\"": 1.0}, {\""merchant_supplied_id\"": \""48020226\"", \""display_name\"": \""Stouffer's Family Size Lasagna with Meat Sauce (38 oz)\"", \""ocr_description\"": \""STOUFFERS LASAGNA\"", \""quantity\"": {\""value\"": 1.0}, \""price_per_unit\"": {\""unit_amount\"": 999, \""currency\"": \""USD\"", \""display_string\"": \""None9.99\"", \""decimal_places\"": 2, \""sign\"": null, \""symbol\"": null}, \""item_price\"": {\""unit_amount\"": 999, \""currency\"": \""USD\"", \""display_string\"": \""None9.99\"", \""decimal_places\"": 2, \""sign\"": null, \""symbol\"": null}, \""non_discount_price_per_unit\"": {\""unit_amount\"": 1049, \""currency\"": \""USD\"", \""display_string\"": \""None10.49\"", \""decimal_places\"": 2, \""sign\"": null, \""symbol\"": null}, \""non_discount_item_price\"": {\""unit_amount\"": 1049, \""currency\"": \""USD\"", \""display_string\"": \""None10.49\"", \""decimal_places\"": 2, \""sign\"": null, \""symbol\"": null}, \""sold_by_weight\"": false, \""confidence_score\"": 1.0}, {\""merchant_supplied_id\"": \""36150019\"", \""display_name\"": \""Lucerne Foods Original Whipped Topping (6.5 oz)\"", \""ocr_description\"": \""LUC WHIPPING CREAM\"", \""quantity\"": {\""value\"": 1.0}, \""price_per_unit\"": {\""unit_amount\"": 299, \""currency\"": \""USD\"", \""display_string\"": \""None2.99\"", \""decimal_places\"": 2, \""sign\"": null, \""symbol\"": null}, \""item_price\"": {\""unit_amount\"": 299, \""currency\"": \""USD\"", \""display_string\"": \""None2.99\"", \""decimal_places\"": 2, \""sign\"": null, \""symbol\"": null}, \""non_discount_price_per_unit\"": {\""unit_amount\"": 0, \""currency\"": \""USD\"", \""display_string\"": \""None0.00\"", \""decimal_places\"": 2, \""sign\"": null, \""symbol\"": null}, \""non_discount_item_price\"": {\""unit_amount\"": 0, \""currency\"": \""USD\"", \""display_string\"": \""None0.00\"", \""decimal_places\"": 2, \""sign\"": null, \""symbol\"": null}, \""sold_by_weight\"": false, \""confidence_score\"": 1.0}, {\""merchant_supplied_id\"": \""43010355\"", \""display_name\"": \""Edwards Frozen Chocolate Creme Pie (25.5 oz)\"", \""ocr_description\"": \""HRSHY EDWARDS CHOC\"", \""quantity\"": {\""value\"": 1.0}, \""price_per_unit\"": {\""unit_amount\"": 1099, \""currency\"": \""USD\"", \""display_string\"": \""None10.99\"", \""decimal_places\"": 2, \""sign\"": null, \""symbol\"": null}, \""item_price\"": {\""unit_amount\"": 1099, \""currency\"": \""USD\"", \""display_string\"": \""None10.99\"", \""decimal_places\"": 2, \""sign\"": null, \""symbol\"": null}, \""non_discount_price_per_unit\"": {\""unit_amount\"": 1149, \""currency\"": \""USD\"", \""display_string\"": \""None11.49\"", \""decimal_places\"": 2, \""sign\"": null, \""symbol\"": null}, \""non_discount_item_price\"": {\""unit_amount\"": 1149, \""currency\"": \""USD\"", \""display_string\"": \""None11.49\"", \""decimal_places\"": 2, \""sign\"": null, \""symbol\"": null}, \""sold_by_weight\"": false, \""confidence_score\"": 1.0}, {\""merchant_supplied_id\"": \""84510016_WI_1LB\"", \""display_name\"": \""Pumpkin (each)\"", \""ocr_description\"": \""PUMPKINS\"", \""quantity\"": {\""value\"": 21.16}, \""price_per_unit\"": {\""unit_amount\"": 49, \""currency\"": \""USD\"", \""display_string\"": \""None0.49\"", \""decimal_places\"": 2, \""sign\"": null, \""symbol\"": null}, \""item_price\"": {\""unit_amount\"": 1037, \""currency\"": \""USD\"", \""display_string\"": \""None10.37\"", \""decimal_places\"": 2, \""sign\"": null, \""symbol\"": null}, \""non_discount_price_per_unit\"": {\""unit_amount\"": 0, \""currency\"": \""USD\"", \""display_string\"": \""None0.00\"", \""decimal_places\"": 2, \""sign\"": null, \""symbol\"": null}, \""non_discount_item_price\"": {\""unit_amount\"": 0, \""currency\"": \""USD\"", \""display_string\"": \""None0.00\"", \""decimal_places\"": 2, \""sign\"": null, \""symbol\"": null}, \""sold_by_weight\"": true, \""confidence_score\"": 1.0}]""
  },
  {
    ""key"": ""bag_fee_info"",
    ""value"": ""{\""quantity\"": {\""value\"": 0}, \""price_per_unit\"": {\""unit_amount\"": 0, \""currency\"": \""USD\"", \""display_string\"": \""None0.00\"", \""decimal_places\"": 2, \""sign\"": null, \""symbol\"": null}, \""item_price\"": {\""unit_amount\"": 0, \""currency\"": \""USD\"", \""display_string\"": \""None0.00\"", \""decimal_places\"": 2, \""sign\"": null, \""symbol\"": null}, \""confidence_score\"": 1.0}""
  },
  {
    ""key"": ""blink_items_df"",
    ""value"": ""{\""ocr_description\"": {\""0\"": \""MCU TAIN DEW\"", \""1\"": \""HUNTS SNK PK GEL\"", \""2\"": \""DORITOS TORTILLA\"", \""3\"": \""PRINGLES SALT &\"", \""4\"": \""MIKE AND IKE\"", \""5\"": \""STOUFFERS LASAGNA\"", \""6\"": \""LUC WHIPPING CREAM\"", \""7\"": \""HRSHY EDWARDS CHOC\"", \""8\"": \""PUMPKINS\"", \""9\"": \""discount_cents\"", \""10\"": \""subtotal_cents\"", \""11\"": \""total_tax_cents\"", \""12\"": \""total_cents\""}, \""quantity\"": {\""0\"": 1.0, \""1\"": 1.0, \""2\"": 1.0, \""3\"": 1.0, \""4\"": 2.0, \""5\"": 1.0, \""6\"": 1.0, \""7\"": 1.0, \""8\"": 21.16, \""9\"": NaN, \""10\"": NaN, \""11\"": NaN, \""12\"": NaN}, \""price_per_unit_cents\"": {\""0\"": 999.0, \""1\"": 150.0, \""2\"": 579.0, \""3\"": 269.0, \""4\"": 179.0, \""5\"": 999.0, \""6\"": 299.0, \""7\"": 1099.0, \""8\"": 49.0, \""9\"": NaN, \""10\"": NaN, \""11\"": NaN, \""12\"": NaN}, \""item_price_cents\"": {\""0\"": 999, \""1\"": 150, \""2\"": 579, \""3\"": 269, \""4\"": 358, \""5\"": 999, \""6\"": 299, \""7\"": 1099, \""8\"": 1037, \""9\"": 0, \""10\"": 5789, \""11\"": 0, \""12\"": 5789}}""
  },
  {
    ""key"": ""input_swipe_amount"",
    ""value"": ""5789""
  },
  {
    ""key"": ""is_legible"",
    ""value"": ""true""
  },
  {
    ""key"": ""input_item_info"",
    ""value"": ""[{\""merchant_supplied_id\"": \""8050448\"", \""display_name\"": \""Mountain Dew Citrus Soda Cans (12 fl oz x 12 ct)\"", \""scanned_barcode\"": {\""code\"": \""012000809965\"", \""format\"": \""UPCA\""}}, {\""merchant_supplied_id\"": \""43010355\"", \""display_name\"": \""Edwards Frozen Chocolate Creme Pie (25.5 oz)\"", \""scanned_barcode\"": {\""code\"": \""041458105565\"", \""format\"": \""UPCA\""}}, {\""merchant_supplied_id\"": \""9014954\"", \""display_name\"": \""Pringles Salt & Vinegar Potato Crisps (5.5 oz)\"", \""scanned_barcode\"": {\""code\"": \""038000138607\"", \""format\"": \""UPCA\""}}, {\""merchant_supplied_id\"": \""12010044\"", \""display_name\"": \""Snack Pack Strawberry Juicy Gels Cups (3.25 oz x 4 ct)\"", \""scanned_barcode\"": {\""code\"": \""027000419229\"", \""format\"": \""UPCA\""}}, {\""merchant_supplied_id\"": \""36150019\"", \""display_name\"": \""Lucerne Foods Original Whipped Topping (6.5 oz)\"", \""scanned_barcode\"": {\""code\"": \""021130079384\"", \""format\"": \""UPCA\""}}, {\""merchant_supplied_id\"": \""9013987\"", \""display_name\"": \""Doritos Cool Ranch Tortilla Chips (9.25 oz)\"", \""scanned_barcode\"": {\""code\"": \""028400516310\"", \""format\"": \""UPCA\""}}, {\""merchant_supplied_id\"": \""48020226\"", \""display_name\"": \""Stouffer's Family Size Lasagna with Meat Sauce (38 oz)\"", \""scanned_barcode\"": {\""code\"": \""013800143334\"", \""format\"": \""UPCA\""}}, {\""merchant_supplied_id\"": \""84510016_WI_1LB\"", \""display_name\"": \""Pumpkin (each)\"", \""scanned_barcode\"": null}, {\""merchant_supplied_id\"": \""1051573\"", \""display_name\"": \""Mike & Ike Original Fruits Chewy Assorted Fruit Flavored Candy (4.25 oz)\"", \""scanned_barcode\"": {\""code\"": \""070970475337\"", \""format\"": \""UPCA\""}}]""
  },
  {
    ""key"": ""url"",
    ""value"": ""\""https://img.cdn4dd.com/cdn-cgi/image/format=auto/https://doordash-static.s3.amazonaws.com/media/photosV2/3c2b4cd5-c425-4d11-9b29-ffcb3cda064a-retina-large.jpeg\""""
  },
  {
    ""key"": ""sanity_checks"",
    ""value"": ""{\""swipe_match\"": true, \""subtotal_match\"": true, \""tax_match\"": true, \""items_length_match\"": true, \""ok_ocr_name_deduping\"": true, \""item_price_reasonableness\"": true, \""weights_look_ok\"": true, \""bag_fee_max_price\"": true, \""bottle_fee_max_price\"": true, \""bag_fee_max_count\"": true, \""bottle_fee_max_count\"": true, \""tax_vs_subtotal_sanity_check\"": true, \""has_no_unknown_items\"": true, \""has_no_missing_items\"": true, \""delivery_discounts_are_nonzero\"": true}""
  },
  {
    ""key"": ""bottle_fee_info"",
    ""value"": ""{\""quantity\"": {\""value\"": 0}, \""price_per_unit\"": {\""unit_amount\"": 0, \""currency\"": \""USD\"", \""display_string\"": \""None0.00\"", \""decimal_places\"": 2, \""sign\"": null, \""symbol\"": null}, \""item_price\"": {\""unit_amount\"": 0, \""currency\"": \""USD\"", \""display_string\"": \""None0.00\"", \""decimal_places\"": 2, \""sign\"": null, \""symbol\"": null}, \""confidence_score\"": 1.0}""
  },
  {
    ""key"": ""delivery_uuid"",
    ""value"": ""\""f0c9f949-3e91-3001-9cb3-3f1ba1c507b8\""""
  },
  {
    ""key"": ""missing_item_info"",
    ""value"": ""[]""
  },
  {
    ""key"": ""tax_amount"",
    ""value"": ""{\""money\"": {\""unit_amount\"": 0, \""currency\"": \""USD\"", \""display_string\"": \""None0.00\"", \""decimal_places\"": 2, \""sign\"": null, \""symbol\"": null}, \""confidence_score\"": 1.0}""
  },
  {
    ""key"": ""confidence_score"",
    ""value"": ""1.0""
  },
  {
    ""key"": ""raw_blink_receipt"",
    ""value"": ""{\""banner_id\"": 8, \""barcode\"": \""00224805101912409081914\"", \""cashier\"": {\""confidence\"": 99.99282836914062, \""value\"": \""51\""}, \""channel\"": {\""confidence\"": 100, \""value\"": \""Food\""}, \""date\"": {\""confidence\"": 99.99188232421875, \""value\"": \""09/08/2024\""}, \""isDigital\"": false, \""isFraudulent\"": false, \""is_blurry\"": false, \""is_instacart_shopper\"": false, \""is_receipt\"": true, \""is_screen\"": false, \""item_confidence\"": 99, \""merchant_confidence\"": 99, \""merchant_name\"": \""Safeway\"", \""ocr_confidence\"": 99.83966064453125, \""phones\"": [{\""confidence\"": 99.98565673828125, \""value\"": \""509-924-2374\""}], \""products\"": [{\""line\"": 1012, \""price\"": {\""confidence\"": 100, \""value\"": 9.99}, \""price_postfix\"": \""B\"", \""qty\"": {\""confidence\"": 0, \""value\"": 1}, \""rpn\"": {\""confidence\"": 99.98821258544922, \""value\"": \""1200080996\""}, \""rsd\"": {\""confidence\"": 100, \""original_case_value\"": \""MOUNTAIN DEW\"", \""value\"": \""MCU TAIN DEW\""}, \""totalPrice\"": {\""confidence\"": 0, \""value\"": 9.99}}, {\""fullPrice\"": {\""confidence\"": 0, \""value\"": 1.79}, \""infoLines\"": [{\""line\"": 1014, \""text\"": {\""confidence\"": 100, \""value\"": \""Member Savings -0.29\""}, \""type\"": {\""confidence\"": 100, \""value\"": \""Price Cut\""}}], \""line\"": 1013, \""price\"": {\""confidence\"": 99.96867370605469, \""value\"": 1.5}, \""price_postfix\"": \""S\"", \""qty\"": {\""confidence\"": 0, \""value\"": 1}, \""rpn\"": {\""confidence\"": 99.9780044555664, \""value\"": \""2700041922\""}, \""rsd\"": {\""confidence\"": 99.9780044555664, \""original_case_value\"": \""HUNTS SNK PK GEL\"", \""value\"": \""HUNTS SNK PK GEL\""}, \""totalPrice\"": {\""confidence\"": 0, \""value\"": 1.5}}, {\""fullPrice\"": {\""confidence\"": 0, \""value\"": 6.29}, \""infoLines\"": [{\""line\"": 1016, \""text\"": {\""confidence\"": 100, \""value\"": \""Member Savings -0.50\""}, \""type\"": {\""confidence\"": 100, \""value\"": \""Price Cut\""}}], \""line\"": 1015, \""price\"": {\""confidence\"": 99.69525146484375, \""value\"": 5.79}, \""price_postfix\"": \""S\"", \""qty\"": {\""confidence\"": 0, \""value\"": 1}, \""rpn\"": {\""confidence\"": 99.81909942626953, \""value\"": \""2840051631\""}, \""rsd\"": {\""confidence\"": 99.81909942626953, \""original_case_value\"": \""DORITOS TORTILLA\"", \""value\"": \""DORITOS TORTILLA\""}, \""totalPrice\"": {\""confidence\"": 0, \""value\"": 5.79}}, {\""fullPrice\"": {\""confidence\"": 0, \""value\"": 2.99}, \""infoLines\"": [{\""line\"": 1018, \""text\"": {\""confidence\"": 100, \""value\"": \""Member Savings -0.30\""}, \""type\"": {\""confidence\"": 100, \""value\"": \""Price Cut\""}}], \""line\"": 1017, \""price\"": {\""confidence\"": 99.97693634033203, \""value\"": 2.69}, \""price_postfix\"": \""S\"", \""qty\"": {\""confidence\"": 0, \""value\"": 1}, \""rpn\"": {\""confidence\"": 99.97186279296875, \""value\"": \""3800013860\""}, \""rsd\"": {\""confidence\"": 99.97186279296875, \""original_case_value\"": \""PRINGLES SALT &\"", \""value\"": \""PRINGLES SALT &\""}, \""totalPrice\"": {\""confidence\"": 0, \""value\"": 2.69}}, {\""infoLines\"": [{\""line\"": 1020, \""text\"": {\""confidence\"": 100, \""value\"": \""REFRIG/FROZEN\""}, \""type\"": {\""confidence\"": 100, \""value\"": \""\""}}], \""line\"": 1019, \""price\"": {\""confidence\"": 100, \""value\"": 1.79}, \""price_postfix\"": \""S\"", \""qty\"": {\""confidence\"": 0, \""value\"": 2}, \""rpn\"": {\""confidence\"": 99.9651870727539, \""value\"": \""7097047533\""}, \""rsd\"": {\""confidence\"": 99.9651870727539, \""original_case_value\"": \""MIKE AND IKE\"", \""value\"": \""MIKE AND IKE\""}, \""totalPrice\"": {\""confidence\"": 0, \""value\"": 3.58}}, {\""fullPrice\"": {\""confidence\"": 0, \""value\"": 10.49}, \""infoLines\"": [{\""line\"": 1022, \""text\"": {\""confidence\"": 100, \""value\"": \""Member Savings -0.50\""}, \""type\"": {\""confidence\"": 100, \""value\"": \""Price Cut\""}}], \""line\"": 1021, \""price\"": {\""confidence\"": 99.96753692626953, \""value\"": 9.99}, \""price_postfix\"": \""S\"", \""qty\"": {\""confidence\"": 0, \""value\"": 1}, \""rpn\"": {\""confidence\"": 99.98077392578125, \""value\"": \""1380014333\""}, \""rsd\"": {\""confidence\"": 99.98077392578125, \""original_case_value\"": \""STOUFFERS LASAGNA\"", \""value\"": \""STOUFFERS LASAGNA\""}, \""totalPrice\"": {\""confidence\"": 0, \""value\"": 9.99}}, {\""line\"": 1023, \""price\"": {\""confidence\"": 100, \""value\"": 2.99}, \""price_postfix\"": \""S\"", \""qty\"": {\""confidence\"": 0, \""value\"": 1}, \""rpn\"": {\""confidence\"": 99.97993469238281, \""value\"": \""2113007938\""}, \""rsd\"": {\""confidence\"": 99.97993469238281, \""original_case_value\"": \""LUC WHIPPING CREAM\"", \""value\"": \""LUC WHIPPING CREAM\""}, \""totalPrice\"": {\""confidence\"": 0, \""value\"": 2.99}}, {\""fullPrice\"": {\""confidence\"": 0, \""value\"": 11.49}, \""infoLines\"": [{\""line\"": 1025, \""text\"": {\""confidence\"": 100, \""value\"": \""Member Savings -0.50\""}, \""type\"": {\""confidence\"": 100, \""value\"": \""Price Cut\""}}, {\""line\"": 1026, \""text\"": {\""confidence\"": 100, \""value\"": \""PRODUCE\""}, \""type\"": {\""confidence\"": 100, \""value\"": \""\""}}], \""line\"": 1024, \""price\"": {\""confidence\"": 99.91930389404297, \""value\"": 10.99}, \""price_postfix\"": \""S\"", \""qty\"": {\""confidence\"": 0, \""value\"": 1}, \""rpn\"": {\""confidence\"": 99.64905548095703, \""value\"": \""4145810556\""}, \""rsd\"": {\""confidence\"": 99.64905548095703, \""original_case_value\"": \""HRSHY EDWARDS CHOC\"", \""value\"": \""HRSHY EDWARDS CHOC\""}, \""totalPrice\"": {\""confidence\"": 0, \""value\"": 10.99}}, {\""infoLines\"": [{\""line\"": 1028, \""text\"": {\""confidence\"": 100, \""value\"": \""WT 21.16 lb @ $0.49 /lb\""}, \""type\"": {\""confidence\"": 100, \""value\"": \""Weight\""}}], \""line\"": 1027, \""price\"": {\""confidence\"": 0, \""value\"": 0.49}, \""price_postfix\"": \""S\"", \""qty\"": {\""confidence\"": 0, \""value\"": 21.16}, \""rpn\"": {\""confidence\"": 100, \""value\"": \""86000698404\""}, \""rsd\"": {\""confidence\"": 99.97984313964844, \""original_case_value\"": \""PUMPKINS\"", \""value\"": \""PUMPKINS\""}, \""totalPrice\"": {\""confidence\"": 0, \""value\"": 10.37}, \""uom\"": {\""confidence\"": 0, \""value\"": \""lb\""}}], \""purchase_type\"": \""In-Store\"", \""raw_basket\"": \""1200080996 MOUNTAIN DEW 9.99 9.99 B\\n2700041922 HUNTS SNK PK GEL 1.79 1.50 S\\nMember Savings -0.29\\n2840051631 DORITOS TORTILLA 6.29 5.79 S\\nMember Savings -0.50\\n3800013860 PRINGLES SALT & 2.99 2.69 S\\nMember Savings -0.30\\n7097047533 2@ MIKE AND IKE 3.58 3.58 S\\nREFRIG/FROZEN\\n1380014333 STOUFFERS LASAGNA 10.49 9.99 S\\nMember Savings -0.50\\n2113007938 LUC WHIPPING CREAM 2.99 2.99 S\\n4145810556 HRSHY EDWARDS CHOC 11.49 10.99 S\\nMember Savings -0.50\\nPRODUCE\\n86000698404 PUMPKINS 10.37 10.37 S\\nWT 21.16 lb @ $0.49 /lb\\n\"", \""raw_text_array\"": [\""STORE MGR JEREMY RENKEN\\nMain:(509) 924-2374 Rx:(509) 891-6967\\n1304 N. Liberty Lake Rd.\\nLiberty Lake WA 99019\\n\\n\\n\\n00224805101912409081914\\n--------------------------------------\\nYOUR CASHIER TODAY WAS SELF\\n--------------------------------------\\nGROCERY Price You Pay\\n1200080996 MOUNTAIN DEW 9.99 9.99 B\\n2700041922 HUNTS SNK PK GEL 1.79 1.50 S\\nMember Savings -0.29\\n2840051631 DORITOS TORTILLA 6.29 5.79 S\\nMember Savings -0.50\\n3800013860 PRINGLES SALT & 2.99 2.69 S\\nMember Savings -0.30\\n7097047533 2@ MIKE AND IKE 3.58 3.58 S\\nREFRIG/FROZEN\\n1380014333 STOUFFERS LASAGNA 10.49 9.99 S\\nMember Savings -0.50\\n2113007938 LUC WHIPPING CREAM 2.99 2.99 S\\n4145810556 HRSHY EDWARDS CHOC 11.49 10.99 S\\nMember Savings -0.50\\nPRODUCE\\n86000698404 PUMPKINS 10.37 10.37 S\\nWT 21.16 lb @ $0.49 /lb\\n\\nTAX 0.90\\nTAX EXEMPTION -0.90\\n**** BALANCE 57.89\\n\\nQR Mobile Pay 57.89\\nCHANGE 0.00\\n**************************************\\nNOW HIRING!\\nSee Store Director or visit\\nwww.Safeway.com/Careers to apply\\n**************************************\\nYOUR SAVINGS\\nMember Savings 2.09\\nTotal 2.09\\n\\nTOTAL NUMBER OF ITEMS SOLD = 10\\n09/08/24 19:14 2248 51 191 8851\\n\\nThank you for shopping Safeway!\\nFor SAFEWAY FOR U questions call\\n877-276-9637 or Safeway.com/foru\\n\""], \""raw_trip_footer\"": \""TAX 0.90\\nTAX EXEMPTION -0.90\\n**** BALANCE 57.89\\nQR Mobile Pay 57.89\\nCHANGE 0.00\\n**************************************\\nNOW HIRING!\\nSee Store Director or visit\\nwww.Safeway.com/Careers to apply\\n**************************************\\nYOUR SAVINGS\\nMember Savings 2.09\\nTotal 2.09\\nTOTAL NUMBER OF ITEMS SOLD = 10\\n09/08/24 19:14 2248 51 191 8851\\nThank you for shopping Safeway!\\nFor SAFEWAY FOR U questions call\\n877-276-9637 or Safeway.com/foru\\n\"", \""raw_trip_header\"": \""STORE MGR JEREMY RENKEN\\nMain :(509) 924-2374 Rx :(509) 891-6967\\n1304 N. Liberty Lake Rd.\\nLiberty Lake WA 99019\\n00224805101912409081914\\n--------------------------------------\\nYOUR CASHIER TODAY WAS SELF\\n--------------------------------------\\nGROCERY Price You Pay\\n\"", \""register\"": {\""confidence\"": 99.99282836914062, \""value\"": \""191\""}, \""store\"": {\""confidence\"": 99.99282836914062, \""value\"": \""2248\""}, \""store_city\"": {\""confidence\"": 99.98786163330078, \""value\"": \""Liberty Lake\""}, \""store_state\"": {\""confidence\"": 99.98786163330078, \""value\"": \""WA\""}, \""store_street\"": {\""confidence\"": 99.98056030273438, \""value\"": \""1304 N. Liberty Lake Rd.\""}, \""store_zip\"": {\""confidence\"": 99.98786163330078, \""value\"": \""99019\""}, \""subtotal\"": {\""confidence\"": 100, \""value\"": 57.89}, \""taxes\"": {\""confidence\"": 99.98089599609375, \""value\"": 0}, \""time\"": {\""confidence\"": 99.99188232421875, \""value\"": \""19:14\""}, \""total\"": {\""confidence\"": 99.98704528808594, \""value\"": 57.89}, \""transaction\"": {\""confidence\"": 99.99282836914062, \""value\"": \""8851\""}, \""trip_confidence\"": 100, \""blink_receipt_id\"": \""fad44a60-af34-46d4-b7d8-71df0267161f\"", \""cashback\"": 0, \""image_urls\"": [\""https://img.cdn4dd.com/cdn-cgi/image/format=auto/https://doordash-static.s3.amazonaws.com/media/photosV2/3c2b4cd5-c425-4d11-9b29-ffcb3cda064a-retina-large.jpeg\""], \""country_code\"": \""US\"", \""api_version\"": 14}""
  }
]"
"[
  {
    ""key"": ""unmatched_item_info"",
    ""value"": ""[]""
  },
  {
    ""key"": ""embedding_matching_df"",
    ""value"": ""{\""MCU TAIN DEW\"": {\""Mountain Dew Citrus Soda Cans (12 fl oz x 12 ct)\"": 0.24519002295428996, \""Edwards Frozen Chocolate Creme Pie (25.5 oz)\"": 0.16532882971522042, \""Pringles Salt & Vinegar Potato Crisps (5.5 oz)\"": 0.16952353922722826, \""Snack Pack Strawberry Juicy Gels Cups (3.25 oz x 4 ct)\"": 0.14669317662517486, \""Lucerne Foods Original Whipped Topping (6.5 oz)\"": 0.1856114500809353, \""Doritos Cool Ranch Tortilla Chips (9.25 oz)\"": 0.1791390958629133, \""Stouffer's Family Size Lasagna with Meat Sauce (38 oz)\"": 0.07151829704660996, \""Pumpkin (each)\"": 0.17070845104367663, \""Mike & Ike Original Fruits Chewy Assorted Fruit Flavored Candy (4.25 oz)\"": 0.18943746661699798, \""Bag Fee\"": 0.0, \""Bottle Deposit aka CRV\"": 0.0, \""Unknown Item\"": 0.2384877393852549}, \""HUNTS SNK PK GEL\"": {\""Mountain Dew Citrus Soda Cans (12 fl oz x 12 ct)\"": 0.1860334890778137, \""Edwards Frozen Chocolate Creme Pie (25.5 oz)\"": 0.1896366374660605, \""Pringles Salt & Vinegar Potato Crisps (5.5 oz)\"": 0.2530931437098594, \""Snack Pack Strawberry Juicy Gels Cups (3.25 oz x 4 ct)\"": 0.32598995285617377, \""Lucerne Foods Original Whipped Topping (6.5 oz)\"": 0.18931962242122832, \""Doritos Cool Ranch Tortilla Chips (9.25 oz)\"": 0.21435689677401806, \""Stouffer's Family Size Lasagna with Meat Sauce (38 oz)\"": 0.17439591838427515, \""Pumpkin (each)\"": 0.2290018584135952, \""Mike & Ike Original Fruits Chewy Assorted Fruit Flavored Candy (4.25 oz)\"": 0.20279566444109945, \""Bag Fee\"": 0.2496202752282638, \""Bottle Deposit aka CRV\"": 0.1416382775567803, \""Unknown Item\"": 0.2838104027130278}, \""DORITOS TORTILLA\"": {\""Mountain Dew Citrus Soda Cans (12 fl oz x 12 ct)\"": 0.31920614995138863, \""Edwards Frozen Chocolate Creme Pie (25.5 oz)\"": 0.25144202587488357, \""Pringles Salt & Vinegar Potato Crisps (5.5 oz)\"": 0.44579727252615753, \""Snack Pack Strawberry Juicy Gels Cups (3.25 oz x 4 ct)\"": 0.28870812662351847, \""Lucerne Foods Original Whipped Topping (6.5 oz)\"": 0.31121756532367095, \""Doritos Cool Ranch Tortilla Chips (9.25 oz)\"": 0.6191219791770605, \""Stouffer's Family Size Lasagna with Meat Sauce (38 oz)\"": 0.29357640361176796, \""Pumpkin (each)\"": 0.22118488418126842, \""Mike & Ike Original Fruits Chewy Assorted Fruit Flavored Candy (4.25 oz)\"": 0.2624498312580806, \""Bag Fee\"": 0.0, \""Bottle Deposit aka CRV\"": 0.0, \""Unknown Item\"": 0.1558231670470729}, \""PRINGLES SALT &\"": {\""Mountain Dew Citrus Soda Cans (12 fl oz x 12 ct)\"": 0.29426888720396094, \""Edwards Frozen Chocolate Creme Pie (25.5 oz)\"": 0.20559048850364317, \""Pringles Salt & Vinegar Potato Crisps (5.5 oz)\"": 0.6267593200629263, \""Snack Pack Strawberry Juicy Gels Cups (3.25 oz x 4 ct)\"": 0.28852577696798315, \""Lucerne Foods Original Whipped Topping (6.5 oz)\"": 0.2725510379454101, \""Doritos Cool Ranch Tortilla Chips (9.25 oz)\"": 0.37463740282517166, \""Stouffer's Family Size Lasagna with Meat Sauce (38 oz)\"": 0.20113821495703438, \""Pumpkin (each)\"": 0.22752608695263257, \""Mike & Ike Original Fruits Chewy Assorted Fruit Flavored Candy (4.25 oz)\"": 0.2521177544373764, \""Bag Fee\"": 0.0, \""Bottle Deposit aka CRV\"": 0.0, \""Unknown Item\"": 0.13753911776851652}, \""MIKE AND IKE\"": {\""Mountain Dew Citrus Soda Cans (12 fl oz x 12 ct)\"": 0.21686396224606064, \""Edwards Frozen Chocolate Creme Pie (25.5 oz)\"": 0.23026607504244032, \""Pringles Salt & Vinegar Potato Crisps (5.5 oz)\"": 0.2486822979076382, \""Snack Pack Strawberry Juicy Gels Cups (3.25 oz x 4 ct)\"": 0.2805791918971792, \""Lucerne Foods Original Whipped Topping (6.5 oz)\"": 0.2238998771530588, \""Doritos Cool Ranch Tortilla Chips (9.25 oz)\"": 0.212837046054368, \""Stouffer's Family Size Lasagna with Meat Sauce (38 oz)\"": 0.14306538798146318, \""Pumpkin (each)\"": 0.18246908465570513, \""Mike & Ike Original Fruits Chewy Assorted Fruit Flavored Candy (4.25 oz)\"": 0.6933638223322676, \""Bag Fee\"": 0.0, \""Bottle Deposit aka CRV\"": 0.0, \""Unknown Item\"": 0.17338515047220274}, \""STOUFFERS LASAGNA\"": {\""Mountain Dew Citrus Soda Cans (12 fl oz x 12 ct)\"": 0.18298152132542647, \""Edwards Frozen Chocolate Creme Pie (25.5 oz)\"": 0.3253215732515702, \""Pringles Salt & Vinegar Potato Crisps (5.5 oz)\"": 0.2668887092585155, \""Snack Pack Strawberry Juicy Gels Cups (3.25 oz x 4 ct)\"": 0.31136017961467416, \""Lucerne Foods Original Whipped Topping (6.5 oz)\"": 0.3411012545781313, \""Doritos Cool Ranch Tortilla Chips (9.25 oz)\"": 0.2976772323874506, \""Stouffer's Family Size Lasagna with Meat Sauce (38 oz)\"": 0.6396367793925681, \""Pumpkin (each)\"": 0.1986160024897642, \""Mike & Ike Original Fruits Chewy Assorted Fruit Flavored Candy (4.25 oz)\"": 0.18904676665738393, \""Bag Fee\"": 0.0, \""Bottle Deposit aka CRV\"": 0.0, \""Unknown Item\"": 0.16100370485894988}, \""LUC WHIPPING CREAM\"": {\""Mountain Dew Citrus Soda Cans (12 fl oz x 12 ct)\"": 0.23829108309312946, \""Edwards Frozen Chocolate Creme Pie (25.5 oz)\"": 0.3664498839301558, \""Pringles Salt & Vinegar Potato Crisps (5.5 oz)\"": 0.21666609978004714, \""Snack Pack Strawberry Juicy Gels Cups (3.25 oz x 4 ct)\"": 0.28618227105448923, \""Lucerne Foods Original Whipped Topping (6.5 oz)\"": 0.584415032614405, \""Doritos Cool Ranch Tortilla Chips (9.25 oz)\"": 0.2284238083657541, \""Stouffer's Family Size Lasagna with Meat Sauce (38 oz)\"": 0.2318546848118362, \""Pumpkin (each)\"": 0.2833368961383565, \""Mike & Ike Original Fruits Chewy Assorted Fruit Flavored Candy (4.25 oz)\"": 0.17990328745256945, \""Bag Fee\"": 0.0, \""Bottle Deposit aka CRV\"": 0.0, \""Unknown Item\"": 0.16227076912442237}, \""HRSHY EDWARDS CHOC\"": {\""Mountain Dew Citrus Soda Cans (12 fl oz x 12 ct)\"": 0.14425190468712606, \""Edwards Frozen Chocolate Creme Pie (25.5 oz)\"": 0.42481867609926005, \""Pringles Salt & Vinegar Potato Crisps (5.5 oz)\"": 0.19334398051403165, \""Snack Pack Strawberry Juicy Gels Cups (3.25 oz x 4 ct)\"": 0.2567845148224985, \""Lucerne Foods Original Whipped Topping (6.5 oz)\"": 0.24941290365956129, \""Doritos Cool Ranch Tortilla Chips (9.25 oz)\"": 0.21235002325158375, \""Stouffer's Family Size Lasagna with Meat Sauce (38 oz)\"": 0.12064894478274912, \""Pumpkin (each)\"": 0.2266084962856891, \""Mike & Ike Original Fruits Chewy Assorted Fruit Flavored Candy (4.25 oz)\"": 0.21010938702403978, \""Bag Fee\"": 0.0, \""Bottle Deposit aka CRV\"": 0.0, \""Unknown Item\"": 0.19400298664563342}, \""PUMPKINS\"": {\""Mountain Dew Citrus Soda Cans (12 fl oz x 12 ct)\"": 0.17782410949699243, \""Edwards Frozen Chocolate Creme Pie (25.5 oz)\"": 0.2354961846392096, \""Pringles Salt & Vinegar Potato Crisps (5.5 oz)\"": 0.21903000875010462, \""Snack Pack Strawberry Juicy Gels Cups (3.25 oz x 4 ct)\"": 0.21142357386299487, \""Lucerne Foods Original Whipped Topping (6.5 oz)\"": 0.25149007807589224, \""Doritos Cool Ranch Tortilla Chips (9.25 oz)\"": 0.21071256414738132, \""Stouffer's Family Size Lasagna with Meat Sauce (38 oz)\"": 0.16586682895648147, \""Pumpkin (each)\"": 0.6203788820791524, \""Mike & Ike Original Fruits Chewy Assorted Fruit Flavored Candy (4.25 oz)\"": 0.20482455355882098, \""Bag Fee\"": 0.21551093636691154, \""Bottle Deposit aka CRV\"": 0.17502540221216228, \""Unknown Item\"": 0.11051450899353349}, \""Unknown Item\"": {\""Mountain Dew Citrus Soda Cans (12 fl oz x 12 ct)\"": 0.1414822221075497, \""Edwards Frozen Chocolate Creme Pie (25.5 oz)\"": 0.1829792776759798, \""Pringles Salt & Vinegar Potato Crisps (5.5 oz)\"": 0.16424675327645719, \""Snack Pack Strawberry Juicy Gels Cups (3.25 oz x 4 ct)\"": 0.16983567741629677, \""Lucerne Foods Original Whipped Topping (6.5 oz)\"": 0.18034963069893495, \""Doritos Cool Ranch Tortilla Chips (9.25 oz)\"": 0.1874173481096293, \""Stouffer's Family Size Lasagna with Meat Sauce (38 oz)\"": 0.15149603543535708, \""Pumpkin (each)\"": 0.21006999929646553, \""Mike & Ike Original Fruits Chewy Assorted Fruit Flavored Candy (4.25 oz)\"": 0.16320138289220812, \""Bag Fee\"": 0.300414460999277, \""Bottle Deposit aka CRV\"": 0.21774851845191506, \""Unknown Item\"": 0.9990000776809496}}""
  },
  {
    ""key"": ""total_amount"",
    ""value"": ""{\""money\"": {\""unit_amount\"": 5789, \""currency\"": \""USD\"", \""display_string\"": \""None57.89\"", \""decimal_places\"": 2, \""sign\"": null, \""symbol\"": null}, \""confidence_score\"": 1.0}""
  },
  {
    ""key"": ""discount_amount"",
    ""value"": ""{\""money\"": {\""unit_amount\"": 0, \""currency\"": \""USD\"", \""display_string\"": \""None0.00\"", \""decimal_places\"": 2, \""sign\"": null, \""symbol\"": null}, \""confidence_score\"": 1.0}""
  },
  {
    ""key"": ""business_id"",
    ""value"": ""697427""
  },
  {
    ""key"": ""subtotal_amount"",
    ""value"": ""{\""money\"": {\""unit_amount\"": 5789, \""currency\"": \""USD\"", \""display_string\"": \""None57.89\"", \""decimal_places\"": 2, \""sign\"": null, \""symbol\"": null}, \""confidence_score\"": 1.0}""
  },
  {
    ""key"": ""tax_confidence_score"",
    ""value"": ""1.0""
  },
  {
    ""key"": ""matched_item_info"",
    ""value"": ""[{\""merchant_supplied_id\"": \""8050448\"", \""display_name\"": \""Mountain Dew Citrus Soda Cans (12 fl oz x 12 ct)\"", \""ocr_description\"": \""MCU TAIN DEW\"", \""quantity\"": {\""value\"": 1.0}, \""price_per_unit\"": {\""unit_amount\"": 999, \""currency\"": \""USD\"", \""display_string\"": \""None9.99\"", \""decimal_places\"": 2, \""sign\"": null, \""symbol\"": null}, \""item_price\"": {\""unit_amount\"": 999, \""currency\"": \""USD\"", \""display_string\"": \""None9.99\"", \""decimal_places\"": 2, \""sign\"": null, \""symbol\"": null}, \""non_discount_price_per_unit\"": {\""unit_amount\"": 0, \""currency\"": \""USD\"", \""display_string\"": \""None0.00\"", \""decimal_places\"": 2, \""sign\"": null, \""symbol\"": null}, \""non_discount_item_price\"": {\""unit_amount\"": 0, \""currency\"": \""USD\"", \""display_string\"": \""None0.00\"", \""decimal_places\"": 2, \""sign\"": null, \""symbol\"": null}, \""sold_by_weight\"": false, \""confidence_score\"": 1.0}, {\""merchant_supplied_id\"": \""12010044\"", \""display_name\"": \""Snack Pack Strawberry Juicy Gels Cups (3.25 oz x 4 ct)\"", \""ocr_description\"": \""HUNTS SNK PK GEL\"", \""quantity\"": {\""value\"": 1.0}, \""price_per_unit\"": {\""unit_amount\"": 150, \""currency\"": \""USD\"", \""display_string\"": \""None1.50\"", \""decimal_places\"": 2, \""sign\"": null, \""symbol\"": null}, \""item_price\"": {\""unit_amount\"": 150, \""currency\"": \""USD\"", \""display_string\"": \""None1.50\"", \""decimal_places\"": 2, \""sign\"": null, \""symbol\"": null}, \""non_discount_price_per_unit\"": {\""unit_amount\"": 179, \""currency\"": \""USD\"", \""display_string\"": \""None1.79\"", \""decimal_places\"": 2, \""sign\"": null, \""symbol\"": null}, \""non_discount_item_price\"": {\""unit_amount\"": 179, \""currency\"": \""USD\"", \""display_string\"": \""None1.79\"", \""decimal_places\"": 2, \""sign\"": null, \""symbol\"": null}, \""sold_by_weight\"": false, \""confidence_score\"": 1.0}, {\""merchant_supplied_id\"": \""9013987\"", \""display_name\"": \""Doritos Cool Ranch Tortilla Chips (9.25 oz)\"", \""ocr_description\"": \""DORITOS TORTILLA\"", \""quantity\"": {\""value\"": 1.0}, \""price_per_unit\"": {\""unit_amount\"": 579, \""currency\"": \""USD\"", \""display_string\"": \""None5.79\"", \""decimal_places\"": 2, \""sign\"": null, \""symbol\"": null}, \""item_price\"": {\""unit_amount\"": 579, \""currency\"": \""USD\"", \""display_string\"": \""None5.79\"", \""decimal_places\"": 2, \""sign\"": null, \""symbol\"": null}, \""non_discount_price_per_unit\"": {\""unit_amount\"": 629, \""currency\"": \""USD\"", \""display_string\"": \""None6.29\"", \""decimal_places\"": 2, \""sign\"": null, \""symbol\"": null}, \""non_discount_item_price\"": {\""unit_amount\"": 629, \""currency\"": \""USD\"", \""display_string\"": \""None6.29\"", \""decimal_places\"": 2, \""sign\"": null, \""symbol\"": null}, \""sold_by_weight\"": false, \""confidence_score\"": 1.0}, {\""merchant_supplied_id\"": \""9014954\"", \""display_name\"": \""Pringles Salt & Vinegar Potato Crisps (5.5 oz)\"", \""ocr_description\"": \""PRINGLES SALT &\"", \""quantity\"": {\""value\"": 1.0}, \""price_per_unit\"": {\""unit_amount\"": 269, \""currency\"": \""USD\"", \""display_string\"": \""None2.69\"", \""decimal_places\"": 2, \""sign\"": null, \""symbol\"": null}, \""item_price\"": {\""unit_amount\"": 269, \""currency\"": \""USD\"", \""display_string\"": \""None2.69\"", \""decimal_places\"": 2, \""sign\"": null, \""symbol\"": null}, \""non_discount_price_per_unit\"": {\""unit_amount\"": 299, \""currency\"": \""USD\"", \""display_string\"": \""None2.99\"", \""decimal_places\"": 2, \""sign\"": null, \""symbol\"": null}, \""non_discount_item_price\"": {\""unit_amount\"": 299, \""currency\"": \""USD\"", \""display_string\"": \""None2.99\"", \""decimal_places\"": 2, \""sign\"": null, \""symbol\"": null}, \""sold_by_weight\"": false, \""confidence_score\"": 1.0}, {\""merchant_supplied_id\"": \""1051573\"", \""display_name\"": \""Mike & Ike Original Fruits Chewy Assorted Fruit Flavored Candy (4.25 oz)\"", \""ocr_description\"": \""MIKE AND IKE\"", \""quantity\"": {\""value\"": 2.0}, \""price_per_unit\"": {\""unit_amount\"": 179, \""currency\"": \""USD\"", \""display_string\"": \""None1.79\"", \""decimal_places\"": 2, \""sign\"": null, \""symbol\"": null}, \""item_price\"": {\""unit_amount\"": 358, \""currency\"": \""USD\"", \""display_string\"": \""None3.58\"", \""decimal_places\"": 2, \""sign\"": null, \""symbol\"": null}, \""non_discount_price_per_unit\"": {\""unit_amount\"": 0, \""currency\"": \""USD\"", \""display_string\"": \""None0.00\"", \""decimal_places\"": 2, \""sign\"": null, \""symbol\"": null}, \""non_discount_item_price\"": {\""unit_amount\"": 0, \""currency\"": \""USD\"", \""display_string\"": \""None0.00\"", \""decimal_places\"": 2, \""sign\"": null, \""symbol\"": null}, \""sold_by_weight\"": false, \""confidence_score\"": 1.0}, {\""merchant_supplied_id\"": \""48020226\"", \""display_name\"": \""Stouffer's Family Size Lasagna with Meat Sauce (38 oz)\"", \""ocr_description\"": \""STOUFFERS LASAGNA\"", \""quantity\"": {\""value\"": 1.0}, \""price_per_unit\"": {\""unit_amount\"": 999, \""currency\"": \""USD\"", \""display_string\"": \""None9.99\"", \""decimal_places\"": 2, \""sign\"": null, \""symbol\"": null}, \""item_price\"": {\""unit_amount\"": 999, \""currency\"": \""USD\"", \""display_string\"": \""None9.99\"", \""decimal_places\"": 2, \""sign\"": null, \""symbol\"": null}, \""non_discount_price_per_unit\"": {\""unit_amount\"": 1049, \""currency\"": \""USD\"", \""display_string\"": \""None10.49\"", \""decimal_places\"": 2, \""sign\"": null, \""symbol\"": null}, \""non_discount_item_price\"": {\""unit_amount\"": 1049, \""currency\"": \""USD\"", \""display_string\"": \""None10.49\"", \""decimal_places\"": 2, \""sign\"": null, \""symbol\"": null}, \""sold_by_weight\"": false, \""confidence_score\"": 1.0}, {\""merchant_supplied_id\"": \""36150019\"", \""display_name\"": \""Lucerne Foods Original Whipped Topping (6.5 oz)\"", \""ocr_description\"": \""LUC WHIPPING CREAM\"", \""quantity\"": {\""value\"": 1.0}, \""price_per_unit\"": {\""unit_amount\"": 299, \""currency\"": \""USD\"", \""display_string\"": \""None2.99\"", \""decimal_places\"": 2, \""sign\"": null, \""symbol\"": null}, \""item_price\"": {\""unit_amount\"": 299, \""currency\"": \""USD\"", \""display_string\"": \""None2.99\"", \""decimal_places\"": 2, \""sign\"": null, \""symbol\"": null}, \""non_discount_price_per_unit\"": {\""unit_amount\"": 0, \""currency\"": \""USD\"", \""display_string\"": \""None0.00\"", \""decimal_places\"": 2, \""sign\"": null, \""symbol\"": null}, \""non_discount_item_price\"": {\""unit_amount\"": 0, \""currency\"": \""USD\"", \""display_string\"": \""None0.00\"", \""decimal_places\"": 2, \""sign\"": null, \""symbol\"": null}, \""sold_by_weight\"": false, \""confidence_score\"": 1.0}, {\""merchant_supplied_id\"": \""43010355\"", \""display_name\"": \""Edwards Frozen Chocolate Creme Pie (25.5 oz)\"", \""ocr_description\"": \""HRSHY EDWARDS CHOC\"", \""quantity\"": {\""value\"": 1.0}, \""price_per_unit\"": {\""unit_amount\"": 1099, \""currency\"": \""USD\"", \""display_string\"": \""None10.99\"", \""decimal_places\"": 2, \""sign\"": null, \""symbol\"": null}, \""item_price\"": {\""unit_amount\"": 1099, \""currency\"": \""USD\"", \""display_string\"": \""None10.99\"", \""decimal_places\"": 2, \""sign\"": null, \""symbol\"": null}, \""non_discount_price_per_unit\"": {\""unit_amount\"": 1149, \""currency\"": \""USD\"", \""display_string\"": \""None11.49\"", \""decimal_places\"": 2, \""sign\"": null, \""symbol\"": null}, \""non_discount_item_price\"": {\""unit_amount\"": 1149, \""currency\"": \""USD\"", \""display_string\"": \""None11.49\"", \""decimal_places\"": 2, \""sign\"": null, \""symbol\"": null}, \""sold_by_weight\"": false, \""confidence_score\"": 1.0}, {\""merchant_supplied_id\"": \""84510016_WI_1LB\"", \""display_name\"": \""Pumpkin (each)\"", \""ocr_description\"": \""PUMPKINS\"", \""quantity\"": {\""value\"": 21.16}, \""price_per_unit\"": {\""unit_amount\"": 49, \""currency\"": \""USD\"", \""display_string\"": \""None0.49\"", \""decimal_places\"": 2, \""sign\"": null, \""symbol\"": null}, \""item_price\"": {\""unit_amount\"": 1037, \""currency\"": \""USD\"", \""display_string\"": \""None10.37\"", \""decimal_places\"": 2, \""sign\"": null, \""symbol\"": null}, \""non_discount_price_per_unit\"": {\""unit_amount\"": 0, \""currency\"": \""USD\"", \""display_string\"": \""None0.00\"", \""decimal_places\"": 2, \""sign\"": null, \""symbol\"": null}, \""non_discount_item_price\"": {\""unit_amount\"": 0, \""currency\"": \""USD\"", \""display_string\"": \""None0.00\"", \""decimal_places\"": 2, \""sign\"": null, \""symbol\"": null}, \""sold_by_weight\"": true, \""confidence_score\"": 1.0}]""
  },
  {
    ""key"": ""bag_fee_info"",
    ""value"": ""{\""quantity\"": {\""value\"": 0}, \""price_per_unit\"": {\""unit_amount\"": 0, \""currency\"": \""USD\"", \""display_string\"": \""None0.00\"", \""decimal_places\"": 2, \""sign\"": null, \""symbol\"": null}, \""item_price\"": {\""unit_amount\"": 0, \""currency\"": \""USD\"", \""display_string\"": \""None0.00\"", \""decimal_places\"": 2, \""sign\"": null, \""symbol\"": null}, \""confidence_score\"": 1.0}""
  },
  {
    ""key"": ""blink_items_df"",
    ""value"": ""{\""ocr_description\"": {\""0\"": \""MCU TAIN DEW\"", \""1\"": \""HUNTS SNK PK GEL\"", \""2\"": \""DORITOS TORTILLA\"", \""3\"": \""PRINGLES SALT &\"", \""4\"": \""MIKE AND IKE\"", \""5\"": \""STOUFFERS LASAGNA\"", \""6\"": \""LUC WHIPPING CREAM\"", \""7\"": \""HRSHY EDWARDS CHOC\"", \""8\"": \""PUMPKINS\"", \""9\"": \""discount_cents\"", \""10\"": \""subtotal_cents\"", \""11\"": \""total_tax_cents\"", \""12\"": \""total_cents\""}, \""quantity\"": {\""0\"": 1.0, \""1\"": 1.0, \""2\"": 1.0, \""3\"": 1.0, \""4\"": 2.0, \""5\"": 1.0, \""6\"": 1.0, \""7\"": 1.0, \""8\"": 21.16, \""9\"": NaN, \""10\"": NaN, \""11\"": NaN, \""12\"": NaN}, \""price_per_unit_cents\"": {\""0\"": 999.0, \""1\"": 150.0, \""2\"": 579.0, \""3\"": 269.0, \""4\"": 179.0, \""5\"": 999.0, \""6\"": 299.0, \""7\"": 1099.0, \""8\"": 49.0, \""9\"": NaN, \""10\"": NaN, \""11\"": NaN, \""12\"": NaN}, \""item_price_cents\"": {\""0\"": 999, \""1\"": 150, \""2\"": 579, \""3\"": 269, \""4\"": 358, \""5\"": 999, \""6\"": 299, \""7\"": 1099, \""8\"": 1037, \""9\"": 0, \""10\"": 5789, \""11\"": 0, \""12\"": 5789}}""
  },
  {
    ""key"": ""input_swipe_amount"",
    ""value"": ""5789""
  },
  {
    ""key"": ""is_legible"",
    ""value"": ""true""
  },
  {
    ""key"": ""input_item_info"",
    ""value"": ""[{\""merchant_supplied_id\"": \""8050448\"", \""display_name\"": \""Mountain Dew Citrus Soda Cans (12 fl oz x 12 ct)\"", \""scanned_barcode\"": {\""code\"": \""012000809965\"", \""format\"": \""UPCA\""}}, {\""merchant_supplied_id\"": \""43010355\"", \""display_name\"": \""Edwards Frozen Chocolate Creme Pie (25.5 oz)\"", \""scanned_barcode\"": {\""code\"": \""041458105565\"", \""format\"": \""UPCA\""}}, {\""merchant_supplied_id\"": \""9014954\"", \""display_name\"": \""Pringles Salt & Vinegar Potato Crisps (5.5 oz)\"", \""scanned_barcode\"": {\""code\"": \""038000138607\"", \""format\"": \""UPCA\""}}, {\""merchant_supplied_id\"": \""12010044\"", \""display_name\"": \""Snack Pack Strawberry Juicy Gels Cups (3.25 oz x 4 ct)\"", \""scanned_barcode\"": {\""code\"": \""027000419229\"", \""format\"": \""UPCA\""}}, {\""merchant_supplied_id\"": \""36150019\"", \""display_name\"": \""Lucerne Foods Original Whipped Topping (6.5 oz)\"", \""scanned_barcode\"": {\""code\"": \""021130079384\"", \""format\"": \""UPCA\""}}, {\""merchant_supplied_id\"": \""9013987\"", \""display_name\"": \""Doritos Cool Ranch Tortilla Chips (9.25 oz)\"", \""scanned_barcode\"": {\""code\"": \""028400516310\"", \""format\"": \""UPCA\""}}, {\""merchant_supplied_id\"": \""48020226\"", \""display_name\"": \""Stouffer's Family Size Lasagna with Meat Sauce (38 oz)\"", \""scanned_barcode\"": {\""code\"": \""013800143334\"", \""format\"": \""UPCA\""}}, {\""merchant_supplied_id\"": \""84510016_WI_1LB\"", \""display_name\"": \""Pumpkin (each)\"", \""scanned_barcode\"": null}, {\""merchant_supplied_id\"": \""1051573\"", \""display_name\"": \""Mike & Ike Original Fruits Chewy Assorted Fruit Flavored Candy (4.25 oz)\"", \""scanned_barcode\"": {\""code\"": \""070970475337\"", \""format\"": \""UPCA\""}}]""
  },
  {
    ""key"": ""url"",
    ""value"": ""\""https://img.cdn4dd.com/cdn-cgi/image/format=auto/https://doordash-static.s3.amazonaws.com/media/photosV2/3c2b4cd5-c425-4d11-9b29-ffcb3cda064a-retina-large.jpeg\""""
  },
  {
    ""key"": ""sanity_checks"",
    ""value"": ""{\""swipe_match\"": true, \""subtotal_match\"": true, \""tax_match\"": true, \""items_length_match\"": true, \""ok_ocr_name_deduping\"": true, \""item_price_reasonableness\"": true, \""weights_look_ok\"": true, \""bag_fee_max_price\"": true, \""bottle_fee_max_price\"": true, \""bag_fee_max_count\"": true, \""bottle_fee_max_count\"": true, \""tax_vs_subtotal_sanity_check\"": true, \""has_no_unknown_items\"": true, \""has_no_missing_items\"": true, \""delivery_discounts_are_nonzero\"": true}""
  },
  {
    ""key"": ""bottle_fee_info"",
    ""value"": ""{\""quantity\"": {\""value\"": 0}, \""price_per_unit\"": {\""unit_amount\"": 0, \""currency\"": \""USD\"", \""display_string\"": \""None0.00\"", \""decimal_places\"": 2, \""sign\"": null, \""symbol\"": null}, \""item_price\"": {\""unit_amount\"": 0, \""currency\"": \""USD\"", \""display_string\"": \""None0.00\"", \""decimal_places\"": 2, \""sign\"": null, \""symbol\"": null}, \""confidence_score\"": 1.0}""
  },
  {
    ""key"": ""delivery_uuid"",
    ""value"": ""\""f0c9f949-3e91-3001-9cb3-3f1ba1c507b8\""""
  },
  {
    ""key"": ""missing_item_info"",
    ""value"": ""[]""
  },
  {
    ""key"": ""tax_amount"",
    ""value"": ""{\""money\"": {\""unit_amount\"": 0, \""currency\"": \""USD\"", \""display_string\"": \""None0.00\"", \""decimal_places\"": 2, \""sign\"": null, \""symbol\"": null}, \""confidence_score\"": 1.0}""
  },
  {
    ""key"": ""confidence_score"",
    ""value"": ""1.0""
  },
  {
    ""key"": ""raw_blink_receipt"",
    ""value"": ""{\""banner_id\"": 8, \""barcode\"": \""00224805101912409081914\"", \""cashier\"": {\""confidence\"": 99.99282836914062, \""value\"": \""51\""}, \""channel\"": {\""confidence\"": 100, \""value\"": \""Food\""}, \""date\"": {\""confidence\"": 99.99188232421875, \""value\"": \""09/08/2024\""}, \""isDigital\"": false, \""isFraudulent\"": false, \""is_blurry\"": false, \""is_instacart_shopper\"": false, \""is_receipt\"": true, \""is_screen\"": false, \""item_confidence\"": 99, \""merchant_confidence\"": 99, \""merchant_name\"": \""Safeway\"", \""ocr_confidence\"": 99.83966064453125, \""phones\"": [{\""confidence\"": 99.98565673828125, \""value\"": \""509-924-2374\""}], \""products\"": [{\""line\"": 1012, \""price\"": {\""confidence\"": 100, \""value\"": 9.99}, \""price_postfix\"": \""B\"", \""qty\"": {\""confidence\"": 0, \""value\"": 1}, \""rpn\"": {\""confidence\"": 99.98821258544922, \""value\"": \""1200080996\""}, \""rsd\"": {\""confidence\"": 100, \""original_case_value\"": \""MOUNTAIN DEW\"", \""value\"": \""MCU TAIN DEW\""}, \""totalPrice\"": {\""confidence\"": 0, \""value\"": 9.99}}, {\""fullPrice\"": {\""confidence\"": 0, \""value\"": 1.79}, \""infoLines\"": [{\""line\"": 1014, \""text\"": {\""confidence\"": 100, \""value\"": \""Member Savings -0.29\""}, \""type\"": {\""confidence\"": 100, \""value\"": \""Price Cut\""}}], \""line\"": 1013, \""price\"": {\""confidence\"": 99.96867370605469, \""value\"": 1.5}, \""price_postfix\"": \""S\"", \""qty\"": {\""confidence\"": 0, \""value\"": 1}, \""rpn\"": {\""confidence\"": 99.9780044555664, \""value\"": \""2700041922\""}, \""rsd\"": {\""confidence\"": 99.9780044555664, \""original_case_value\"": \""HUNTS SNK PK GEL\"", \""value\"": \""HUNTS SNK PK GEL\""}, \""totalPrice\"": {\""confidence\"": 0, \""value\"": 1.5}}, {\""fullPrice\"": {\""confidence\"": 0, \""value\"": 6.29}, \""infoLines\"": [{\""line\"": 1016, \""text\"": {\""confidence\"": 100, \""value\"": \""Member Savings -0.50\""}, \""type\"": {\""confidence\"": 100, \""value\"": \""Price Cut\""}}], \""line\"": 1015, \""price\"": {\""confidence\"": 99.69525146484375, \""value\"": 5.79}, \""price_postfix\"": \""S\"", \""qty\"": {\""confidence\"": 0, \""value\"": 1}, \""rpn\"": {\""confidence\"": 99.81909942626953, \""value\"": \""2840051631\""}, \""rsd\"": {\""confidence\"": 99.81909942626953, \""original_case_value\"": \""DORITOS TORTILLA\"", \""value\"": \""DORITOS TORTILLA\""}, \""totalPrice\"": {\""confidence\"": 0, \""value\"": 5.79}}, {\""fullPrice\"": {\""confidence\"": 0, \""value\"": 2.99}, \""infoLines\"": [{\""line\"": 1018, \""text\"": {\""confidence\"": 100, \""value\"": \""Member Savings -0.30\""}, \""type\"": {\""confidence\"": 100, \""value\"": \""Price Cut\""}}], \""line\"": 1017, \""price\"": {\""confidence\"": 99.97693634033203, \""value\"": 2.69}, \""price_postfix\"": \""S\"", \""qty\"": {\""confidence\"": 0, \""value\"": 1}, \""rpn\"": {\""confidence\"": 99.97186279296875, \""value\"": \""3800013860\""}, \""rsd\"": {\""confidence\"": 99.97186279296875, \""original_case_value\"": \""PRINGLES SALT &\"", \""value\"": \""PRINGLES SALT &\""}, \""totalPrice\"": {\""confidence\"": 0, \""value\"": 2.69}}, {\""infoLines\"": [{\""line\"": 1020, \""text\"": {\""confidence\"": 100, \""value\"": \""REFRIG/FROZEN\""}, \""type\"": {\""confidence\"": 100, \""value\"": \""\""}}], \""line\"": 1019, \""price\"": {\""confidence\"": 100, \""value\"": 1.79}, \""price_postfix\"": \""S\"", \""qty\"": {\""confidence\"": 0, \""value\"": 2}, \""rpn\"": {\""confidence\"": 99.9651870727539, \""value\"": \""7097047533\""}, \""rsd\"": {\""confidence\"": 99.9651870727539, \""original_case_value\"": \""MIKE AND IKE\"", \""value\"": \""MIKE AND IKE\""}, \""totalPrice\"": {\""confidence\"": 0, \""value\"": 3.58}}, {\""fullPrice\"": {\""confidence\"": 0, \""value\"": 10.49}, \""infoLines\"": [{\""line\"": 1022, \""text\"": {\""confidence\"": 100, \""value\"": \""Member Savings -0.50\""}, \""type\"": {\""confidence\"": 100, \""value\"": \""Price Cut\""}}], \""line\"": 1021, \""price\"": {\""confidence\"": 99.96753692626953, \""value\"": 9.99}, \""price_postfix\"": \""S\"", \""qty\"": {\""confidence\"": 0, \""value\"": 1}, \""rpn\"": {\""confidence\"": 99.98077392578125, \""value\"": \""1380014333\""}, \""rsd\"": {\""confidence\"": 99.98077392578125, \""original_case_value\"": \""STOUFFERS LASAGNA\"", \""value\"": \""STOUFFERS LASAGNA\""}, \""totalPrice\"": {\""confidence\"": 0, \""value\"": 9.99}}, {\""line\"": 1023, \""price\"": {\""confidence\"": 100, \""value\"": 2.99}, \""price_postfix\"": \""S\"", \""qty\"": {\""confidence\"": 0, \""value\"": 1}, \""rpn\"": {\""confidence\"": 99.97993469238281, \""value\"": \""2113007938\""}, \""rsd\"": {\""confidence\"": 99.97993469238281, \""original_case_value\"": \""LUC WHIPPING CREAM\"", \""value\"": \""LUC WHIPPING CREAM\""}, \""totalPrice\"": {\""confidence\"": 0, \""value\"": 2.99}}, {\""fullPrice\"": {\""confidence\"": 0, \""value\"": 11.49}, \""infoLines\"": [{\""line\"": 1025, \""text\"": {\""confidence\"": 100, \""value\"": \""Member Savings -0.50\""}, \""type\"": {\""confidence\"": 100, \""value\"": \""Price Cut\""}}, {\""line\"": 1026, \""text\"": {\""confidence\"": 100, \""value\"": \""PRODUCE\""}, \""type\"": {\""confidence\"": 100, \""value\"": \""\""}}], \""line\"": 1024, \""price\"": {\""confidence\"": 99.91930389404297, \""value\"": 10.99}, \""price_postfix\"": \""S\"", \""qty\"": {\""confidence\"": 0, \""value\"": 1}, \""rpn\"": {\""confidence\"": 99.64905548095703, \""value\"": \""4145810556\""}, \""rsd\"": {\""confidence\"": 99.64905548095703, \""original_case_value\"": \""HRSHY EDWARDS CHOC\"", \""value\"": \""HRSHY EDWARDS CHOC\""}, \""totalPrice\"": {\""confidence\"": 0, \""value\"": 10.99}}, {\""infoLines\"": [{\""line\"": 1028, \""text\"": {\""confidence\"": 100, \""value\"": \""WT 21.16 lb @ $0.49 /lb\""}, \""type\"": {\""confidence\"": 100, \""value\"": \""Weight\""}}], \""line\"": 1027, \""price\"": {\""confidence\"": 0, \""value\"": 0.49}, \""price_postfix\"": \""S\"", \""qty\"": {\""confidence\"": 0, \""value\"": 21.16}, \""rpn\"": {\""confidence\"": 100, \""value\"": \""86000698404\""}, \""rsd\"": {\""confidence\"": 99.97984313964844, \""original_case_value\"": \""PUMPKINS\"", \""value\"": \""PUMPKINS\""}, \""totalPrice\"": {\""confidence\"": 0, \""value\"": 10.37}, \""uom\"": {\""confidence\"": 0, \""value\"": \""lb\""}}], \""purchase_type\"": \""In-Store\"", \""raw_basket\"": \""1200080996 MOUNTAIN DEW 9.99 9.99 B\\n2700041922 HUNTS SNK PK GEL 1.79 1.50 S\\nMember Savings -0.29\\n2840051631 DORITOS TORTILLA 6.29 5.79 S\\nMember Savings -0.50\\n3800013860 PRINGLES SALT & 2.99 2.69 S\\nMember Savings -0.30\\n7097047533 2@ MIKE AND IKE 3.58 3.58 S\\nREFRIG/FROZEN\\n1380014333 STOUFFERS LASAGNA 10.49 9.99 S\\nMember Savings -0.50\\n2113007938 LUC WHIPPING CREAM 2.99 2.99 S\\n4145810556 HRSHY EDWARDS CHOC 11.49 10.99 S\\nMember Savings -0.50\\nPRODUCE\\n86000698404 PUMPKINS 10.37 10.37 S\\nWT 21.16 lb @ $0.49 /lb\\n\"", \""raw_text_array\"": [\""STORE MGR JEREMY RENKEN\\nMain:(509) 924-2374 Rx:(509) 891-6967\\n1304 N. Liberty Lake Rd.\\nLiberty Lake WA 99019\\n\\n\\n\\n00224805101912409081914\\n--------------------------------------\\nYOUR CASHIER TODAY WAS SELF\\n--------------------------------------\\nGROCERY Price You Pay\\n1200080996 MOUNTAIN DEW 9.99 9.99 B\\n2700041922 HUNTS SNK PK GEL 1.79 1.50 S\\nMember Savings -0.29\\n2840051631 DORITOS TORTILLA 6.29 5.79 S\\nMember Savings -0.50\\n3800013860 PRINGLES SALT & 2.99 2.69 S\\nMember Savings -0.30\\n7097047533 2@ MIKE AND IKE 3.58 3.58 S\\nREFRIG/FROZEN\\n1380014333 STOUFFERS LASAGNA 10.49 9.99 S\\nMember Savings -0.50\\n2113007938 LUC WHIPPING CREAM 2.99 2.99 S\\n4145810556 HRSHY EDWARDS CHOC 11.49 10.99 S\\nMember Savings -0.50\\nPRODUCE\\n86000698404 PUMPKINS 10.37 10.37 S\\nWT 21.16 lb @ $0.49 /lb\\n\\nTAX 0.90\\nTAX EXEMPTION -0.90\\n**** BALANCE 57.89\\n\\nQR Mobile Pay 57.89\\nCHANGE 0.00\\n**************************************\\nNOW HIRING!\\nSee Store Director or visit\\nwww.Safeway.com/Careers to apply\\n**************************************\\nYOUR SAVINGS\\nMember Savings 2.09\\nTotal 2.09\\n\\nTOTAL NUMBER OF ITEMS SOLD = 10\\n09/08/24 19:14 2248 51 191 8851\\n\\nThank you for shopping Safeway!\\nFor SAFEWAY FOR U questions call\\n877-276-9637 or Safeway.com/foru\\n\""], \""raw_trip_footer\"": \""TAX 0.90\\nTAX EXEMPTION -0.90\\n**** BALANCE 57.89\\nQR Mobile Pay 57.89\\nCHANGE 0.00\\n**************************************\\nNOW HIRING!\\nSee Store Director or visit\\nwww.Safeway.com/Careers to apply\\n**************************************\\nYOUR SAVINGS\\nMember Savings 2.09\\nTotal 2.09\\nTOTAL NUMBER OF ITEMS SOLD = 10\\n09/08/24 19:14 2248 51 191 8851\\nThank you for shopping Safeway!\\nFor SAFEWAY FOR U questions call\\n877-276-9637 or Safeway.com/foru\\n\"", \""raw_trip_header\"": \""STORE MGR JEREMY RENKEN\\nMain :(509) 924-2374 Rx :(509) 891-6967\\n1304 N. Liberty Lake Rd.\\nLiberty Lake WA 99019\\n00224805101912409081914\\n--------------------------------------\\nYOUR CASHIER TODAY WAS SELF\\n--------------------------------------\\nGROCERY Price You Pay\\n\"", \""register\"": {\""confidence\"": 99.99282836914062, \""value\"": \""191\""}, \""store\"": {\""confidence\"": 99.99282836914062, \""value\"": \""2248\""}, \""store_city\"": {\""confidence\"": 99.98786163330078, \""value\"": \""Liberty Lake\""}, \""store_state\"": {\""confidence\"": 99.98786163330078, \""value\"": \""WA\""}, \""store_street\"": {\""confidence\"": 99.98056030273438, \""value\"": \""1304 N. Liberty Lake Rd.\""}, \""store_zip\"": {\""confidence\"": 99.98786163330078, \""value\"": \""99019\""}, \""subtotal\"": {\""confidence\"": 100, \""value\"": 57.89}, \""taxes\"": {\""confidence\"": 99.98089599609375, \""value\"": 0}, \""time\"": {\""confidence\"": 99.99188232421875, \""value\"": \""19:14\""}, \""total\"": {\""confidence\"": 99.98704528808594, \""value\"": 57.89}, \""transaction\"": {\""confidence\"": 99.99282836914062, \""value\"": \""8851\""}, \""trip_confidence\"": 100, \""blink_receipt_id\"": \""fad44a60-af34-46d4-b7d8-71df0267161f\"", \""cashback\"": 0, \""image_urls\"": [\""https://img.cdn4dd.com/cdn-cgi/image/format=auto/https://doordash-static.s3.amazonaws.com/media/photosV2/3c2b4cd5-c425-4d11-9b29-ffcb3cda064a-retina-large.jpeg\""], \""country_code\"": \""US\"", \""api_version\"": 14}""
  }
]"
"[
  {
    ""key"": ""unmatched_item_info"",
    ""value"": ""[]""
  },
  {
    ""key"": ""embedding_matching_df"",
    ""value"": ""{\""STRAWBERRIES 1LB\"": {\""Seedless Green Grapes (each)\"": 0.4483054218489801, \""Strawberries (1 lb)\"": 0.8646402909372687, \""Cantaloupe Melon\"": 0.3233847798173955, \""Red Seedless Watermelon\"": 0.3946764255348352, \""Bag Fee\"": 0.0, \""Bottle Deposit aka CRV\"": 0.0, \""Unknown Item\"": 0.19657976633849708}, \""MINI WATERMELON\"": {\""Seedless Green Grapes (each)\"": 0.3415745851001522, \""Strawberries (1 lb)\"": 0.2949007602250571, \""Cantaloupe Melon\"": 0.5422872987357662, \""Red Seedless Watermelon\"": 0.619878551655466, \""Bag Fee\"": 0.0, \""Bottle Deposit aka CRV\"": 0.0, \""Unknown Item\"": 0.22333931055793566}, \""CANTALOUPE MELON\"": {\""Seedless Green Grapes (each)\"": 0.3249890636366761, \""Strawberries (1 lb)\"": 0.2966265432178726, \""Cantaloupe Melon\"": 0.855871731329191, \""Red Seedless Watermelon\"": 0.5528378325995216, \""Bag Fee\"": 0.0, \""Bottle Deposit aka CRV\"": 0.0, \""Unknown Item\"": 0.21445574181307}, \""GREEN SDLSS GRAPES\"": {\""Seedless Green Grapes (each)\"": 0.5279054306108679, \""Strawberries (1 lb)\"": 0.3004585312053452, \""Cantaloupe Melon\"": 0.2798601056651507, \""Red Seedless Watermelon\"": 0.4172825975026531, \""Bag Fee\"": 0.0, \""Bottle Deposit aka CRV\"": 0.0, \""Unknown Item\"": 0.24059584745775975}, \""Unknown Item\"": {\""Seedless Green Grapes (each)\"": 0.22025034955789377, \""Strawberries (1 lb)\"": 0.19307086583867278, \""Cantaloupe Melon\"": 0.19889016917873945, \""Red Seedless Watermelon\"": 0.22321314315548518, \""Bag Fee\"": 0.30045181350725836, \""Bottle Deposit aka CRV\"": 0.21779990495262982, \""Unknown Item\"": 0.9990009990989842}}""
  },
  {
    ""key"": ""total_amount"",
    ""value"": ""{\""money\"": {\""unit_amount\"": 1811, \""currency\"": \""USD\"", \""display_string\"": \""None18.11\"", \""decimal_places\"": 2, \""sign\"": null, \""symbol\"": null}, \""confidence_score\"": 1.0}""
  },
  {
    ""key"": ""discount_amount"",
    ""value"": ""{\""money\"": {\""unit_amount\"": 0, \""currency\"": \""USD\"", \""display_string\"": \""None0.00\"", \""decimal_places\"": 2, \""sign\"": null, \""symbol\"": null}, \""confidence_score\"": 1.0}""
  },
  {
    ""key"": ""business_id"",
    ""value"": ""697427""
  },
  {
    ""key"": ""subtotal_amount"",
    ""value"": ""{\""money\"": {\""unit_amount\"": 1811, \""currency\"": \""USD\"", \""display_string\"": \""None18.11\"", \""decimal_places\"": 2, \""sign\"": null, \""symbol\"": null}, \""confidence_score\"": 1.0}""
  },
  {
    ""key"": ""tax_confidence_score"",
    ""value"": ""1.0""
  },
  {
    ""key"": ""matched_item_info"",
    ""value"": ""[{\""merchant_supplied_id\"": \""84070124\"", \""display_name\"": \""Strawberries (1 lb)\"", \""ocr_description\"": \""STRAWBERRIES 1LB\"", \""quantity\"": {\""value\"": 1.0}, \""price_per_unit\"": {\""unit_amount\"": 399, \""currency\"": \""USD\"", \""display_string\"": \""None3.99\"", \""decimal_places\"": 2, \""sign\"": null, \""symbol\"": null}, \""item_price\"": {\""unit_amount\"": 399, \""currency\"": \""USD\"", \""display_string\"": \""None3.99\"", \""decimal_places\"": 2, \""sign\"": null, \""symbol\"": null}, \""non_discount_price_per_unit\"": {\""unit_amount\"": 0, \""currency\"": \""USD\"", \""display_string\"": \""None0.00\"", \""decimal_places\"": 2, \""sign\"": null, \""symbol\"": null}, \""non_discount_item_price\"": {\""unit_amount\"": 0, \""currency\"": \""USD\"", \""display_string\"": \""None0.00\"", \""decimal_places\"": 2, \""sign\"": null, \""symbol\"": null}, \""sold_by_weight\"": false, \""confidence_score\"": 1.0}, {\""merchant_supplied_id\"": \""84110039_NONWI_1EA\"", \""display_name\"": \""Red Seedless Watermelon\"", \""ocr_description\"": \""MINI WATERMELON\"", \""quantity\"": {\""value\"": 1.0}, \""price_per_unit\"": {\""unit_amount\"": 449, \""currency\"": \""USD\"", \""display_string\"": \""None4.49\"", \""decimal_places\"": 2, \""sign\"": null, \""symbol\"": null}, \""item_price\"": {\""unit_amount\"": 449, \""currency\"": \""USD\"", \""display_string\"": \""None4.49\"", \""decimal_places\"": 2, \""sign\"": null, \""symbol\"": null}, \""non_discount_price_per_unit\"": {\""unit_amount\"": 0, \""currency\"": \""USD\"", \""display_string\"": \""None0.00\"", \""decimal_places\"": 2, \""sign\"": null, \""symbol\"": null}, \""non_discount_item_price\"": {\""unit_amount\"": 0, \""currency\"": \""USD\"", \""display_string\"": \""None0.00\"", \""decimal_places\"": 2, \""sign\"": null, \""symbol\"": null}, \""sold_by_weight\"": false, \""confidence_score\"": 1.0}, {\""merchant_supplied_id\"": \""84110201_NONWI_1EA\"", \""display_name\"": \""Cantaloupe Melon\"", \""ocr_description\"": \""CANTALOUPE MELON\"", \""quantity\"": {\""value\"": 1.0}, \""price_per_unit\"": {\""unit_amount\"": 350, \""currency\"": \""USD\"", \""display_string\"": \""None3.50\"", \""decimal_places\"": 2, \""sign\"": null, \""symbol\"": null}, \""item_price\"": {\""unit_amount\"": 350, \""currency\"": \""USD\"", \""display_string\"": \""None3.50\"", \""decimal_places\"": 2, \""sign\"": null, \""symbol\"": null}, \""non_discount_price_per_unit\"": {\""unit_amount\"": 0, \""currency\"": \""USD\"", \""display_string\"": \""None0.00\"", \""decimal_places\"": 2, \""sign\"": null, \""symbol\"": null}, \""non_discount_item_price\"": {\""unit_amount\"": 0, \""currency\"": \""USD\"", \""display_string\"": \""None0.00\"", \""decimal_places\"": 2, \""sign\"": null, \""symbol\"": null}, \""sold_by_weight\"": false, \""confidence_score\"": 1.0}, {\""merchant_supplied_id\"": \""84100014_WI_1LB\"", \""display_name\"": \""Seedless Green Grapes (each)\"", \""ocr_description\"": \""GREEN SDLSS GRAPES\"", \""quantity\"": {\""value\"": 2.05}, \""price_per_unit\"": {\""unit_amount\"": 299, \""currency\"": \""USD\"", \""display_string\"": \""None2.99\"", \""decimal_places\"": 2, \""sign\"": null, \""symbol\"": null}, \""item_price\"": {\""unit_amount\"": 613, \""currency\"": \""USD\"", \""display_string\"": \""None6.13\"", \""decimal_places\"": 2, \""sign\"": null, \""symbol\"": null}, \""non_discount_price_per_unit\"": {\""unit_amount\"": 0, \""currency\"": \""USD\"", \""display_string\"": \""None0.00\"", \""decimal_places\"": 2, \""sign\"": null, \""symbol\"": null}, \""non_discount_item_price\"": {\""unit_amount\"": 0, \""currency\"": \""USD\"", \""display_string\"": \""None0.00\"", \""decimal_places\"": 2, \""sign\"": null, \""symbol\"": null}, \""sold_by_weight\"": true, \""confidence_score\"": 1.0}]""
  },
  {
    ""key"": ""bag_fee_info"",
    ""value"": ""{\""quantity\"": {\""value\"": 0}, \""price_per_unit\"": {\""unit_amount\"": 0, \""currency\"": \""USD\"", \""display_string\"": \""None0.00\"", \""decimal_places\"": 2, \""sign\"": null, \""symbol\"": null}, \""item_price\"": {\""unit_amount\"": 0, \""currency\"": \""USD\"", \""display_string\"": \""None0.00\"", \""decimal_places\"": 2, \""sign\"": null, \""symbol\"": null}, \""confidence_score\"": 1.0}""
  },
  {
    ""key"": ""blink_items_df"",
    ""value"": ""{\""ocr_description\"": {\""0\"": \""STRAWBERRIES 1LB\"", \""1\"": \""MINI WATERMELON\"", \""2\"": \""CANTALOUPE MELON\"", \""3\"": \""GREEN SDLSS GRAPES\"", \""4\"": \""discount_cents\"", \""5\"": \""subtotal_cents\"", \""6\"": \""total_tax_cents\"", \""7\"": \""total_cents\""}, \""quantity\"": {\""0\"": 1.0, \""1\"": 1.0, \""2\"": 1.0, \""3\"": 2.05, \""4\"": NaN, \""5\"": NaN, \""6\"": NaN, \""7\"": NaN}, \""price_per_unit_cents\"": {\""0\"": 399.0, \""1\"": 449.0, \""2\"": 350.0, \""3\"": 299.0, \""4\"": NaN, \""5\"": NaN, \""6\"": NaN, \""7\"": NaN}, \""item_price_cents\"": {\""0\"": 399, \""1\"": 449, \""2\"": 350, \""3\"": 613, \""4\"": 0, \""5\"": 1811, \""6\"": 0, \""7\"": 1811}}""
  },
  {
    ""key"": ""input_swipe_amount"",
    ""value"": ""1811""
  },
  {
    ""key"": ""is_legible"",
    ""value"": ""true""
  },
  {
    ""key"": ""input_item_info"",
    ""value"": ""[{\""merchant_supplied_id\"": \""84100014_WI_1LB\"", \""display_name\"": \""Seedless Green Grapes (each)\"", \""scanned_barcode\"": null}, {\""merchant_supplied_id\"": \""84070124\"", \""display_name\"": \""Strawberries (1 lb)\"", \""scanned_barcode\"": {\""code\"": \""780353784030\"", \""format\"": \""UPCA\""}}, {\""merchant_supplied_id\"": \""84110201_NONWI_1EA\"", \""display_name\"": \""Cantaloupe Melon\"", \""scanned_barcode\"": null}, {\""merchant_supplied_id\"": \""84110039_NONWI_1EA\"", \""display_name\"": \""Red Seedless Watermelon\"", \""scanned_barcode\"": null}]""
  },
  {
    ""key"": ""url"",
    ""value"": ""\""https://img.cdn4dd.com/cdn-cgi/image/format=auto/https://doordash-static.s3.amazonaws.com/media/photosV2/ba2743c8-30c1-426b-ba7e-3fe36021558d-retina-large.jpeg\""""
  },
  {
    ""key"": ""sanity_checks"",
    ""value"": ""{\""swipe_match\"": true, \""subtotal_match\"": true, \""tax_match\"": true, \""items_length_match\"": true, \""ok_ocr_name_deduping\"": true, \""item_price_reasonableness\"": true, \""weights_look_ok\"": true, \""bag_fee_max_price\"": true, \""bottle_fee_max_price\"": true, \""bag_fee_max_count\"": true, \""bottle_fee_max_count\"": true, \""tax_vs_subtotal_sanity_check\"": true, \""has_no_unknown_items\"": true, \""has_no_missing_items\"": true, \""delivery_discounts_are_nonzero\"": true}""
  },
  {
    ""key"": ""bottle_fee_info"",
    ""value"": ""{\""quantity\"": {\""value\"": 0}, \""price_per_unit\"": {\""unit_amount\"": 0, \""currency\"": \""USD\"", \""display_string\"": \""None0.00\"", \""decimal_places\"": 2, \""sign\"": null, \""symbol\"": null}, \""item_price\"": {\""unit_amount\"": 0, \""currency\"": \""USD\"", \""display_string\"": \""None0.00\"", \""decimal_places\"": 2, \""sign\"": null, \""symbol\"": null}, \""confidence_score\"": 1.0}""
  },
  {
    ""key"": ""delivery_uuid"",
    ""value"": ""\""758e38d8-87a1-3001-8243-1c628a3feb0d\""""
  },
  {
    ""key"": ""missing_item_info"",
    ""value"": ""[]""
  },
  {
    ""key"": ""tax_amount"",
    ""value"": ""{\""money\"": {\""unit_amount\"": 0, \""currency\"": \""USD\"", \""display_string\"": \""None0.00\"", \""decimal_places\"": 2, \""sign\"": null, \""symbol\"": null}, \""confidence_score\"": 1.0}""
  },
  {
    ""key"": ""confidence_score"",
    ""value"": ""1.0""
  },
  {
    ""key"": ""raw_blink_receipt"",
    ""value"": ""{\""banner_id\"": 8, \""barcode\"": \""00270905401092409071601\"", \""cashier\"": {\""confidence\"": 99.98812103271484, \""value\"": \""54\""}, \""channel\"": {\""confidence\"": 100, \""value\"": \""Food\""}, \""date\"": {\""confidence\"": 99.98770141601562, \""value\"": \""09/07/2024\""}, \""isDigital\"": false, \""isFraudulent\"": false, \""is_blurry\"": false, \""is_instacart_shopper\"": false, \""is_receipt\"": true, \""is_screen\"": false, \""item_confidence\"": 100, \""merchant_confidence\"": 100, \""merchant_name\"": \""Safeway\"", \""ocr_confidence\"": 93.94735717773438, \""phones\"": [{\""confidence\"": 99.98089599609375, \""value\"": \""602-567-7561\""}], \""products\"": [{\""line\"": 1028, \""price\"": {\""confidence\"": 99.96710968017578, \""value\"": 3.99}, \""price_postfix\"": \""S\"", \""qty\"": {\""confidence\"": 0, \""value\"": 1}, \""rpn\"": {\""confidence\"": 99.96710968017578, \""value\"": \""78035378403\""}, \""rsd\"": {\""confidence\"": 99.96710968017578, \""original_case_value\"": \""STRAWBERRIES 1LB\"", \""value\"": \""STRAWBERRIES 1LB\""}, \""totalPrice\"": {\""confidence\"": 0, \""value\"": 3.99}}, {\""line\"": 1029, \""price\"": {\""confidence\"": 99.95772552490234, \""value\"": 4.49}, \""price_postfix\"": \""S\"", \""qty\"": {\""confidence\"": 0, \""value\"": 1}, \""rpn\"": {\""confidence\"": 99.95772552490234, \""value\"": \""82757520007\""}, \""rsd\"": {\""confidence\"": 99.95772552490234, \""original_case_value\"": \""MINI WATERMELON\"", \""value\"": \""MINI WATERMELON\""}, \""totalPrice\"": {\""confidence\"": 0, \""value\"": 4.49}}, {\""line\"": 1030, \""price\"": {\""confidence\"": 99.97221374511719, \""value\"": 3.5}, \""price_postfix\"": \""S\"", \""qty\"": {\""confidence\"": 0, \""value\"": 1}, \""rpn\"": {\""confidence\"": 99.97221374511719, \""value\"": \""85119500200\""}, \""rsd\"": {\""confidence\"": 99.97221374511719, \""original_case_value\"": \""CANTALOUPE MELON\"", \""value\"": \""CANTALOUPE MELON\""}, \""totalPrice\"": {\""confidence\"": 0, \""value\"": 3.5}}, {\""infoLines\"": [{\""line\"": 1032, \""text\"": {\""confidence\"": 100, \""value\"": \""WT 2.05 lb @ $2.99 /lb\""}, \""type\"": {\""confidence\"": 100, \""value\"": \""Weight\""}}], \""line\"": 1031, \""price\"": {\""confidence\"": 0, \""value\"": 2.99}, \""price_postfix\"": \""S\"", \""qty\"": {\""confidence\"": 0, \""value\"": 2.05}, \""rpn\"": {\""confidence\"": 100, \""value\"": \""88528200012\""}, \""rsd\"": {\""confidence\"": 99.97434997558594, \""original_case_value\"": \""GREEN SDLSS GRAPES\"", \""value\"": \""GREEN SDLSS GRAPES\""}, \""totalPrice\"": {\""confidence\"": 0, \""value\"": 6.13}, \""uom\"": {\""confidence\"": 0, \""value\"": \""lb\""}}], \""purchase_type\"": \""In-Store\"", \""raw_basket\"": \""78035378403 STRAWBERRIES 1LB 3.99 3.99 S\\n82757520007 MINI WATERMELON 4.49 4.49 S\\n85119500200 CANTALOUPE MELON 3.50 3.50 S\\n88528200012 GREEN SDLSS GRAPES 6.13 6.13 S\\nWT 2.05 lb @ $2.99 /lb\\n\"", \""raw_text_array\"": [\""*oseUpund snolA9ud\\npuemo1 pTIeA IoN 'punjeJ woJJ pelonpep oq Kew s6uTAes\\nuodn00 *uunleJ @ Jo 1ueAe oU1 VI *uo11oesueJ1 Jed uodnoo\\n1 11w17 'peulnbeu eseuound wnmlulw OW$ '(enleA [e101 0Z$\\n01 dn) 00Z$ o1 dn swe1! 6utAjTIenb jo 9seUpund Ku800J6\\nolBuls @ u0 A1o XOI 'AN uT seulooeA 61-OIA00 ueu1 J041o\\n$u0l1Rzlunww! puR CN U! PIo suee6 09 Jepun $J0w01sn0\\nKq peA1000u suol1Rzlunww! '88 u! peA1800J suo11ezlunwwT\\nepnlou! 1ou op swe11 Bul6jTIenD *uo11ezlunwwT\\n6utAjllenb e 6u1A1e30J J0) WZ/1\\u20ac/ZI 111un P11Rn J0340\\n\\n\\n\\n\\nS FEW Y\\n\\nStore 2709 Dir Daniel Landavaso\\nMain:(602) 567-7561 Rx:(602) 567-7566\\n5035 W. Baseline Rd.\\nPhoenix AZ 85339\\n\\n\\n\\n00270905401092409071601\\n--------------------------------------\\nYOUR CASHIER TODAY WAS SELF\\n--------------------------------------\\nPRODUCE Price You Pay\\n78035378403 STRAWBERRIES 1LB 3.99 3.99 S\\n82757520007 MINI WATERMELON 4.49 4.49 S\\n85119500200 CANTALOUPE MELON 3.50 3.50 S\\n88528200012 GREEN SDLSS GRAPES 6.13 6.13 S\\nWT 2.05 lb @ $2.99 /lb\\n\\nTAX 0.00\\n**** BALANCE 18.11\\n\\nQR Mobile Pay 18.11\\nCHANGE 0.00\\n--------------------------------------\\nScore Great Deals\\n--------------------------------------\\n--------------------------------------\\nEarn tokens when you purchase\\nparticipating items. Look for\\nparticipating item tags throughout\\nthe store. Redeem your tokens for a\\nchance to win cash and prizes,\\nincluding a grand prize of $10,000!\\nSee official rules for details.\\n--------------------------------------\\nTOTAL NUMBER OF ITEMS SOLD = 4\\n09/07/24 16:01 2709 54 109 8854\\n\\nThank you for shopping Safeway!\\nFor SAFEWAY FOR U questions call\\n877-276-9637 or Safeway.com/foru\\n\""], \""raw_trip_footer\"": \""TAX 0.00\\n**** BALANCE 18.11\\nQR Mobile Pay 18.11\\nCHANGE 0.00\\n--------------------------------------\\nScore Great Deals\\n--------------------------------------\\n--------------------------------------\\nEarn tokens when you purchase\\nparticipating items. Look for\\nparticipating item tags throughout\\nthe store. Redeem your tokens for a\\nchance to win cash and prizes,\\nincluding a grand prize of $10,000!\\nSee official rules for details.\\n--------------------------------------\\nTOTAL NUMBER OF ITEMS SOLD = 4\\n09/07/24 16:01 2709 54 109 8854\\nThank you for shopping Safeway!\\nFor SAFEWAY FOR U questions call\\n877-276-9637 or Safeway.com/foru\\n\"", \""raw_trip_header\"": \""*oseUpund snolA9ud\\npuemo1 pTIeA IoN 'punjeJ woJJ pelonpep oq Kew s6uTAes\\nuodn00 *uunleJ @ Jo 1ueAe oU1 VI *uo11oesueJ1 Jed uodnoo\\n1 11w17 'peulnbeu eseuound wnmlulw OW$ '(enleA [e101 0Z$\\n01 dn) 00Z$ o1 dn swe1! 6utAjTIenb jo 9seUpund Ku800J6\\nolBuls @ u0 A1o XOI 'AN uT seulooeA 61-OIA00 ueu1 J041o\\n$u0l1Rzlunww! puR CN U! PIo suee6 09 Jepun $J0w01sn0\\nKq peA1000u suol1Rzlunww! '88 u! peA1800J suo11ezlunwwT\\nepnlou! 1ou op swe11 Bul6jTIenD *uo11ezlunwwT\\n6utAjllenb e 6u1A1e30J J0) WZ/1\\u20ac/ZI 111un P11Rn J0340\\nS FEW Y\\nStore 2709 Dir Daniel Landavaso\\nMain :(602) 567-7561 Rx :(602) 567-7566\\n5035 W. Baseline Rd.\\nPhoenix AZ 85339\\n00270905401092409071601\\n--------------------------------------\\nYOUR CASHIER TODAY WAS SELF\\n--------------------------------------\\nPRODUCE Price You Pay\\n\"", \""register\"": {\""confidence\"": 99.98812103271484, \""value\"": \""109\""}, \""store\"": {\""confidence\"": 99.98812103271484, \""value\"": \""2709\""}, \""store_city\"": {\""confidence\"": 100, \""value\"": \""Phoenix\""}, \""store_state\"": {\""confidence\"": 100, \""value\"": \""AZ\""}, \""store_street\"": {\""confidence\"": 100, \""value\"": \""5035 W. Baseline Rd.\""}, \""store_zip\"": {\""confidence\"": 100, \""value\"": \""85339\""}, \""subtotal\"": {\""confidence\"": 100, \""value\"": 18.11}, \""taxes\"": {\""confidence\"": 99.98670959472656, \""value\"": 0}, \""time\"": {\""confidence\"": 99.98770141601562, \""value\"": \""16:01\""}, \""total\"": {\""confidence\"": 99.99224853515625, \""value\"": 18.11}, \""transaction\"": {\""confidence\"": 99.98812103271484, \""value\"": \""8854\""}, \""trip_confidence\"": 100, \""blink_receipt_id\"": \""e64f064e-7bec-4fe3-9dc1-76e4562b9f9b\"", \""cashback\"": 0, \""image_urls\"": [\""https://img.cdn4dd.com/cdn-cgi/image/format=auto/https://doordash-static.s3.amazonaws.com/media/photosV2/ba2743c8-30c1-426b-ba7e-3fe36021558d-retina-large.jpeg\""], \""country_code\"": \""US\"", \""api_version\"": 14}""
  }
]"
"[
  {
    ""key"": ""unmatched_item_info"",
    ""value"": ""[]""
  },
  {
    ""key"": ""embedding_matching_df"",
    ""value"": ""{\""STRAWBERRIES 1LB\"": {\""Seedless Green Grapes (each)\"": 0.4483054218489801, \""Strawberries (1 lb)\"": 0.8646402909372687, \""Cantaloupe Melon\"": 0.3233847798173955, \""Red Seedless Watermelon\"": 0.3946764255348352, \""Bag Fee\"": 0.0, \""Bottle Deposit aka CRV\"": 0.0, \""Unknown Item\"": 0.19657976633849708}, \""MINI WATERMELON\"": {\""Seedless Green Grapes (each)\"": 0.3415745851001522, \""Strawberries (1 lb)\"": 0.2949007602250571, \""Cantaloupe Melon\"": 0.5422872987357662, \""Red Seedless Watermelon\"": 0.619878551655466, \""Bag Fee\"": 0.0, \""Bottle Deposit aka CRV\"": 0.0, \""Unknown Item\"": 0.22333931055793566}, \""CANTALOUPE MELON\"": {\""Seedless Green Grapes (each)\"": 0.3249890636366761, \""Strawberries (1 lb)\"": 0.2966265432178726, \""Cantaloupe Melon\"": 0.855871731329191, \""Red Seedless Watermelon\"": 0.5528378325995216, \""Bag Fee\"": 0.0, \""Bottle Deposit aka CRV\"": 0.0, \""Unknown Item\"": 0.21445574181307}, \""GREEN SDLSS GRAPES\"": {\""Seedless Green Grapes (each)\"": 0.5279054306108679, \""Strawberries (1 lb)\"": 0.3004585312053452, \""Cantaloupe Melon\"": 0.2798601056651507, \""Red Seedless Watermelon\"": 0.4172825975026531, \""Bag Fee\"": 0.0, \""Bottle Deposit aka CRV\"": 0.0, \""Unknown Item\"": 0.24059584745775975}, \""Unknown Item\"": {\""Seedless Green Grapes (each)\"": 0.22025034955789377, \""Strawberries (1 lb)\"": 0.19307086583867278, \""Cantaloupe Melon\"": 0.19889016917873945, \""Red Seedless Watermelon\"": 0.22321314315548518, \""Bag Fee\"": 0.30045181350725836, \""Bottle Deposit aka CRV\"": 0.21779990495262982, \""Unknown Item\"": 0.9990009990989842}}""
  },
  {
    ""key"": ""total_amount"",
    ""value"": ""{\""money\"": {\""unit_amount\"": 1811, \""currency\"": \""USD\"", \""display_string\"": \""None18.11\"", \""decimal_places\"": 2, \""sign\"": null, \""symbol\"": null}, \""confidence_score\"": 1.0}""
  },
  {
    ""key"": ""discount_amount"",
    ""value"": ""{\""money\"": {\""unit_amount\"": 0, \""currency\"": \""USD\"", \""display_string\"": \""None0.00\"", \""decimal_places\"": 2, \""sign\"": null, \""symbol\"": null}, \""confidence_score\"": 1.0}""
  },
  {
    ""key"": ""business_id"",
    ""value"": ""697427""
  },
  {
    ""key"": ""subtotal_amount"",
    ""value"": ""{\""money\"": {\""unit_amount\"": 1811, \""currency\"": \""USD\"", \""display_string\"": \""None18.11\"", \""decimal_places\"": 2, \""sign\"": null, \""symbol\"": null}, \""confidence_score\"": 1.0}""
  },
  {
    ""key"": ""tax_confidence_score"",
    ""value"": ""1.0""
  },
  {
    ""key"": ""matched_item_info"",
    ""value"": ""[{\""merchant_supplied_id\"": \""84070124\"", \""display_name\"": \""Strawberries (1 lb)\"", \""ocr_description\"": \""STRAWBERRIES 1LB\"", \""quantity\"": {\""value\"": 1.0}, \""price_per_unit\"": {\""unit_amount\"": 399, \""currency\"": \""USD\"", \""display_string\"": \""None3.99\"", \""decimal_places\"": 2, \""sign\"": null, \""symbol\"": null}, \""item_price\"": {\""unit_amount\"": 399, \""currency\"": \""USD\"", \""display_string\"": \""None3.99\"", \""decimal_places\"": 2, \""sign\"": null, \""symbol\"": null}, \""non_discount_price_per_unit\"": {\""unit_amount\"": 0, \""currency\"": \""USD\"", \""display_string\"": \""None0.00\"", \""decimal_places\"": 2, \""sign\"": null, \""symbol\"": null}, \""non_discount_item_price\"": {\""unit_amount\"": 0, \""currency\"": \""USD\"", \""display_string\"": \""None0.00\"", \""decimal_places\"": 2, \""sign\"": null, \""symbol\"": null}, \""sold_by_weight\"": false, \""confidence_score\"": 1.0}, {\""merchant_supplied_id\"": \""84110039_NONWI_1EA\"", \""display_name\"": \""Red Seedless Watermelon\"", \""ocr_description\"": \""MINI WATERMELON\"", \""quantity\"": {\""value\"": 1.0}, \""price_per_unit\"": {\""unit_amount\"": 449, \""currency\"": \""USD\"", \""display_string\"": \""None4.49\"", \""decimal_places\"": 2, \""sign\"": null, \""symbol\"": null}, \""item_price\"": {\""unit_amount\"": 449, \""currency\"": \""USD\"", \""display_string\"": \""None4.49\"", \""decimal_places\"": 2, \""sign\"": null, \""symbol\"": null}, \""non_discount_price_per_unit\"": {\""unit_amount\"": 0, \""currency\"": \""USD\"", \""display_string\"": \""None0.00\"", \""decimal_places\"": 2, \""sign\"": null, \""symbol\"": null}, \""non_discount_item_price\"": {\""unit_amount\"": 0, \""currency\"": \""USD\"", \""display_string\"": \""None0.00\"", \""decimal_places\"": 2, \""sign\"": null, \""symbol\"": null}, \""sold_by_weight\"": false, \""confidence_score\"": 1.0}, {\""merchant_supplied_id\"": \""84110201_NONWI_1EA\"", \""display_name\"": \""Cantaloupe Melon\"", \""ocr_description\"": \""CANTALOUPE MELON\"", \""quantity\"": {\""value\"": 1.0}, \""price_per_unit\"": {\""unit_amount\"": 350, \""currency\"": \""USD\"", \""display_string\"": \""None3.50\"", \""decimal_places\"": 2, \""sign\"": null, \""symbol\"": null}, \""item_price\"": {\""unit_amount\"": 350, \""currency\"": \""USD\"", \""display_string\"": \""None3.50\"", \""decimal_places\"": 2, \""sign\"": null, \""symbol\"": null}, \""non_discount_price_per_unit\"": {\""unit_amount\"": 0, \""currency\"": \""USD\"", \""display_string\"": \""None0.00\"", \""decimal_places\"": 2, \""sign\"": null, \""symbol\"": null}, \""non_discount_item_price\"": {\""unit_amount\"": 0, \""currency\"": \""USD\"", \""display_string\"": \""None0.00\"", \""decimal_places\"": 2, \""sign\"": null, \""symbol\"": null}, \""sold_by_weight\"": false, \""confidence_score\"": 1.0}, {\""merchant_supplied_id\"": \""84100014_WI_1LB\"", \""display_name\"": \""Seedless Green Grapes (each)\"", \""ocr_description\"": \""GREEN SDLSS GRAPES\"", \""quantity\"": {\""value\"": 2.05}, \""price_per_unit\"": {\""unit_amount\"": 299, \""currency\"": \""USD\"", \""display_string\"": \""None2.99\"", \""decimal_places\"": 2, \""sign\"": null, \""symbol\"": null}, \""item_price\"": {\""unit_amount\"": 613, \""currency\"": \""USD\"", \""display_string\"": \""None6.13\"", \""decimal_places\"": 2, \""sign\"": null, \""symbol\"": null}, \""non_discount_price_per_unit\"": {\""unit_amount\"": 0, \""currency\"": \""USD\"", \""display_string\"": \""None0.00\"", \""decimal_places\"": 2, \""sign\"": null, \""symbol\"": null}, \""non_discount_item_price\"": {\""unit_amount\"": 0, \""currency\"": \""USD\"", \""display_string\"": \""None0.00\"", \""decimal_places\"": 2, \""sign\"": null, \""symbol\"": null}, \""sold_by_weight\"": true, \""confidence_score\"": 1.0}]""
  },
  {
    ""key"": ""bag_fee_info"",
    ""value"": ""{\""quantity\"": {\""value\"": 0}, \""price_per_unit\"": {\""unit_amount\"": 0, \""currency\"": \""USD\"", \""display_string\"": \""None0.00\"", \""decimal_places\"": 2, \""sign\"": null, \""symbol\"": null}, \""item_price\"": {\""unit_amount\"": 0, \""currency\"": \""USD\"", \""display_string\"": \""None0.00\"", \""decimal_places\"": 2, \""sign\"": null, \""symbol\"": null}, \""confidence_score\"": 1.0}""
  },
  {
    ""key"": ""blink_items_df"",
    ""value"": ""{\""ocr_description\"": {\""0\"": \""STRAWBERRIES 1LB\"", \""1\"": \""MINI WATERMELON\"", \""2\"": \""CANTALOUPE MELON\"", \""3\"": \""GREEN SDLSS GRAPES\"", \""4\"": \""discount_cents\"", \""5\"": \""subtotal_cents\"", \""6\"": \""total_tax_cents\"", \""7\"": \""total_cents\""}, \""quantity\"": {\""0\"": 1.0, \""1\"": 1.0, \""2\"": 1.0, \""3\"": 2.05, \""4\"": NaN, \""5\"": NaN, \""6\"": NaN, \""7\"": NaN}, \""price_per_unit_cents\"": {\""0\"": 399.0, \""1\"": 449.0, \""2\"": 350.0, \""3\"": 299.0, \""4\"": NaN, \""5\"": NaN, \""6\"": NaN, \""7\"": NaN}, \""item_price_cents\"": {\""0\"": 399, \""1\"": 449, \""2\"": 350, \""3\"": 613, \""4\"": 0, \""5\"": 1811, \""6\"": 0, \""7\"": 1811}}""
  },
  {
    ""key"": ""input_swipe_amount"",
    ""value"": ""1811""
  },
  {
    ""key"": ""is_legible"",
    ""value"": ""true""
  },
  {
    ""key"": ""input_item_info"",
    ""value"": ""[{\""merchant_supplied_id\"": \""84100014_WI_1LB\"", \""display_name\"": \""Seedless Green Grapes (each)\"", \""scanned_barcode\"": null}, {\""merchant_supplied_id\"": \""84070124\"", \""display_name\"": \""Strawberries (1 lb)\"", \""scanned_barcode\"": {\""code\"": \""780353784030\"", \""format\"": \""UPCA\""}}, {\""merchant_supplied_id\"": \""84110201_NONWI_1EA\"", \""display_name\"": \""Cantaloupe Melon\"", \""scanned_barcode\"": null}, {\""merchant_supplied_id\"": \""84110039_NONWI_1EA\"", \""display_name\"": \""Red Seedless Watermelon\"", \""scanned_barcode\"": null}]""
  },
  {
    ""key"": ""url"",
    ""value"": ""\""https://img.cdn4dd.com/cdn-cgi/image/format=auto/https://doordash-static.s3.amazonaws.com/media/photosV2/ba2743c8-30c1-426b-ba7e-3fe36021558d-retina-large.jpeg\""""
  },
  {
    ""key"": ""sanity_checks"",
    ""value"": ""{\""swipe_match\"": true, \""subtotal_match\"": true, \""tax_match\"": true, \""items_length_match\"": true, \""ok_ocr_name_deduping\"": true, \""item_price_reasonableness\"": true, \""weights_look_ok\"": true, \""bag_fee_max_price\"": true, \""bottle_fee_max_price\"": true, \""bag_fee_max_count\"": true, \""bottle_fee_max_count\"": true, \""tax_vs_subtotal_sanity_check\"": true, \""has_no_unknown_items\"": true, \""has_no_missing_items\"": true, \""delivery_discounts_are_nonzero\"": true}""
  },
  {
    ""key"": ""bottle_fee_info"",
    ""value"": ""{\""quantity\"": {\""value\"": 0}, \""price_per_unit\"": {\""unit_amount\"": 0, \""currency\"": \""USD\"", \""display_string\"": \""None0.00\"", \""decimal_places\"": 2, \""sign\"": null, \""symbol\"": null}, \""item_price\"": {\""unit_amount\"": 0, \""currency\"": \""USD\"", \""display_string\"": \""None0.00\"", \""decimal_places\"": 2, \""sign\"": null, \""symbol\"": null}, \""confidence_score\"": 1.0}""
  },
  {
    ""key"": ""delivery_uuid"",
    ""value"": ""\""758e38d8-87a1-3001-8243-1c628a3feb0d\""""
  },
  {
    ""key"": ""missing_item_info"",
    ""value"": ""[]""
  },
  {
    ""key"": ""tax_amount"",
    ""value"": ""{\""money\"": {\""unit_amount\"": 0, \""currency\"": \""USD\"", \""display_string\"": \""None0.00\"", \""decimal_places\"": 2, \""sign\"": null, \""symbol\"": null}, \""confidence_score\"": 1.0}""
  },
  {
    ""key"": ""confidence_score"",
    ""value"": ""1.0""
  },
  {
    ""key"": ""raw_blink_receipt"",
    ""value"": ""{\""banner_id\"": 8, \""barcode\"": \""00270905401092409071601\"", \""cashier\"": {\""confidence\"": 99.98812103271484, \""value\"": \""54\""}, \""channel\"": {\""confidence\"": 100, \""value\"": \""Food\""}, \""date\"": {\""confidence\"": 99.98770141601562, \""value\"": \""09/07/2024\""}, \""isDigital\"": false, \""isFraudulent\"": false, \""is_blurry\"": false, \""is_instacart_shopper\"": false, \""is_receipt\"": true, \""is_screen\"": false, \""item_confidence\"": 100, \""merchant_confidence\"": 100, \""merchant_name\"": \""Safeway\"", \""ocr_confidence\"": 93.94735717773438, \""phones\"": [{\""confidence\"": 99.98089599609375, \""value\"": \""602-567-7561\""}], \""products\"": [{\""line\"": 1028, \""price\"": {\""confidence\"": 99.96710968017578, \""value\"": 3.99}, \""price_postfix\"": \""S\"", \""qty\"": {\""confidence\"": 0, \""value\"": 1}, \""rpn\"": {\""confidence\"": 99.96710968017578, \""value\"": \""78035378403\""}, \""rsd\"": {\""confidence\"": 99.96710968017578, \""original_case_value\"": \""STRAWBERRIES 1LB\"", \""value\"": \""STRAWBERRIES 1LB\""}, \""totalPrice\"": {\""confidence\"": 0, \""value\"": 3.99}}, {\""line\"": 1029, \""price\"": {\""confidence\"": 99.95772552490234, \""value\"": 4.49}, \""price_postfix\"": \""S\"", \""qty\"": {\""confidence\"": 0, \""value\"": 1}, \""rpn\"": {\""confidence\"": 99.95772552490234, \""value\"": \""82757520007\""}, \""rsd\"": {\""confidence\"": 99.95772552490234, \""original_case_value\"": \""MINI WATERMELON\"", \""value\"": \""MINI WATERMELON\""}, \""totalPrice\"": {\""confidence\"": 0, \""value\"": 4.49}}, {\""line\"": 1030, \""price\"": {\""confidence\"": 99.97221374511719, \""value\"": 3.5}, \""price_postfix\"": \""S\"", \""qty\"": {\""confidence\"": 0, \""value\"": 1}, \""rpn\"": {\""confidence\"": 99.97221374511719, \""value\"": \""85119500200\""}, \""rsd\"": {\""confidence\"": 99.97221374511719, \""original_case_value\"": \""CANTALOUPE MELON\"", \""value\"": \""CANTALOUPE MELON\""}, \""totalPrice\"": {\""confidence\"": 0, \""value\"": 3.5}}, {\""infoLines\"": [{\""line\"": 1032, \""text\"": {\""confidence\"": 100, \""value\"": \""WT 2.05 lb @ $2.99 /lb\""}, \""type\"": {\""confidence\"": 100, \""value\"": \""Weight\""}}], \""line\"": 1031, \""price\"": {\""confidence\"": 0, \""value\"": 2.99}, \""price_postfix\"": \""S\"", \""qty\"": {\""confidence\"": 0, \""value\"": 2.05}, \""rpn\"": {\""confidence\"": 100, \""value\"": \""88528200012\""}, \""rsd\"": {\""confidence\"": 99.97434997558594, \""original_case_value\"": \""GREEN SDLSS GRAPES\"", \""value\"": \""GREEN SDLSS GRAPES\""}, \""totalPrice\"": {\""confidence\"": 0, \""value\"": 6.13}, \""uom\"": {\""confidence\"": 0, \""value\"": \""lb\""}}], \""purchase_type\"": \""In-Store\"", \""raw_basket\"": \""78035378403 STRAWBERRIES 1LB 3.99 3.99 S\\n82757520007 MINI WATERMELON 4.49 4.49 S\\n85119500200 CANTALOUPE MELON 3.50 3.50 S\\n88528200012 GREEN SDLSS GRAPES 6.13 6.13 S\\nWT 2.05 lb @ $2.99 /lb\\n\"", \""raw_text_array\"": [\""*oseUpund snolA9ud\\npuemo1 pTIeA IoN 'punjeJ woJJ pelonpep oq Kew s6uTAes\\nuodn00 *uunleJ @ Jo 1ueAe oU1 VI *uo11oesueJ1 Jed uodnoo\\n1 11w17 'peulnbeu eseuound wnmlulw OW$ '(enleA [e101 0Z$\\n01 dn) 00Z$ o1 dn swe1! 6utAjTIenb jo 9seUpund Ku800J6\\nolBuls @ u0 A1o XOI 'AN uT seulooeA 61-OIA00 ueu1 J041o\\n$u0l1Rzlunww! puR CN U! PIo suee6 09 Jepun $J0w01sn0\\nKq peA1000u suol1Rzlunww! '88 u! peA1800J suo11ezlunwwT\\nepnlou! 1ou op swe11 Bul6jTIenD *uo11ezlunwwT\\n6utAjllenb e 6u1A1e30J J0) WZ/1\\u20ac/ZI 111un P11Rn J0340\\n\\n\\n\\n\\nS FEW Y\\n\\nStore 2709 Dir Daniel Landavaso\\nMain:(602) 567-7561 Rx:(602) 567-7566\\n5035 W. Baseline Rd.\\nPhoenix AZ 85339\\n\\n\\n\\n00270905401092409071601\\n--------------------------------------\\nYOUR CASHIER TODAY WAS SELF\\n--------------------------------------\\nPRODUCE Price You Pay\\n78035378403 STRAWBERRIES 1LB 3.99 3.99 S\\n82757520007 MINI WATERMELON 4.49 4.49 S\\n85119500200 CANTALOUPE MELON 3.50 3.50 S\\n88528200012 GREEN SDLSS GRAPES 6.13 6.13 S\\nWT 2.05 lb @ $2.99 /lb\\n\\nTAX 0.00\\n**** BALANCE 18.11\\n\\nQR Mobile Pay 18.11\\nCHANGE 0.00\\n--------------------------------------\\nScore Great Deals\\n--------------------------------------\\n--------------------------------------\\nEarn tokens when you purchase\\nparticipating items. Look for\\nparticipating item tags throughout\\nthe store. Redeem your tokens for a\\nchance to win cash and prizes,\\nincluding a grand prize of $10,000!\\nSee official rules for details.\\n--------------------------------------\\nTOTAL NUMBER OF ITEMS SOLD = 4\\n09/07/24 16:01 2709 54 109 8854\\n\\nThank you for shopping Safeway!\\nFor SAFEWAY FOR U questions call\\n877-276-9637 or Safeway.com/foru\\n\""], \""raw_trip_footer\"": \""TAX 0.00\\n**** BALANCE 18.11\\nQR Mobile Pay 18.11\\nCHANGE 0.00\\n--------------------------------------\\nScore Great Deals\\n--------------------------------------\\n--------------------------------------\\nEarn tokens when you purchase\\nparticipating items. Look for\\nparticipating item tags throughout\\nthe store. Redeem your tokens for a\\nchance to win cash and prizes,\\nincluding a grand prize of $10,000!\\nSee official rules for details.\\n--------------------------------------\\nTOTAL NUMBER OF ITEMS SOLD = 4\\n09/07/24 16:01 2709 54 109 8854\\nThank you for shopping Safeway!\\nFor SAFEWAY FOR U questions call\\n877-276-9637 or Safeway.com/foru\\n\"", \""raw_trip_header\"": \""*oseUpund snolA9ud\\npuemo1 pTIeA IoN 'punjeJ woJJ pelonpep oq Kew s6uTAes\\nuodn00 *uunleJ @ Jo 1ueAe oU1 VI *uo11oesueJ1 Jed uodnoo\\n1 11w17 'peulnbeu eseuound wnmlulw OW$ '(enleA [e101 0Z$\\n01 dn) 00Z$ o1 dn swe1! 6utAjTIenb jo 9seUpund Ku800J6\\nolBuls @ u0 A1o XOI 'AN uT seulooeA 61-OIA00 ueu1 J041o\\n$u0l1Rzlunww! puR CN U! PIo suee6 09 Jepun $J0w01sn0\\nKq peA1000u suol1Rzlunww! '88 u! peA1800J suo11ezlunwwT\\nepnlou! 1ou op swe11 Bul6jTIenD *uo11ezlunwwT\\n6utAjllenb e 6u1A1e30J J0) WZ/1\\u20ac/ZI 111un P11Rn J0340\\nS FEW Y\\nStore 2709 Dir Daniel Landavaso\\nMain :(602) 567-7561 Rx :(602) 567-7566\\n5035 W. Baseline Rd.\\nPhoenix AZ 85339\\n00270905401092409071601\\n--------------------------------------\\nYOUR CASHIER TODAY WAS SELF\\n--------------------------------------\\nPRODUCE Price You Pay\\n\"", \""register\"": {\""confidence\"": 99.98812103271484, \""value\"": \""109\""}, \""store\"": {\""confidence\"": 99.98812103271484, \""value\"": \""2709\""}, \""store_city\"": {\""confidence\"": 100, \""value\"": \""Phoenix\""}, \""store_state\"": {\""confidence\"": 100, \""value\"": \""AZ\""}, \""store_street\"": {\""confidence\"": 100, \""value\"": \""5035 W. Baseline Rd.\""}, \""store_zip\"": {\""confidence\"": 100, \""value\"": \""85339\""}, \""subtotal\"": {\""confidence\"": 100, \""value\"": 18.11}, \""taxes\"": {\""confidence\"": 99.98670959472656, \""value\"": 0}, \""time\"": {\""confidence\"": 99.98770141601562, \""value\"": \""16:01\""}, \""total\"": {\""confidence\"": 99.99224853515625, \""value\"": 18.11}, \""transaction\"": {\""confidence\"": 99.98812103271484, \""value\"": \""8854\""}, \""trip_confidence\"": 100, \""blink_receipt_id\"": \""e64f064e-7bec-4fe3-9dc1-76e4562b9f9b\"", \""cashback\"": 0, \""image_urls\"": [\""https://img.cdn4dd.com/cdn-cgi/image/format=auto/https://doordash-static.s3.amazonaws.com/media/photosV2/ba2743c8-30c1-426b-ba7e-3fe36021558d-retina-large.jpeg\""], \""country_code\"": \""US\"", \""api_version\"": 14}""
  }
]"
"[
  {
    ""key"": ""unmatched_item_info"",
    ""value"": ""[]""
  },
  {
    ""key"": ""embedding_matching_df"",
    ""value"": ""{\""FORAGER CASHGRT-BL\"": {\""Driscoll's Organic Strawberries (16 oz)\"": 0.30529455549745527, \""Organic Blueberries (6 oz)\"": 0.3116874506510347, \""Organic Valley Free Range Brown Eggs Large (6 ct)\"": 0.26687362460781505, \""Del Cabo Organic Cherry Tomatoes (1 pt)\"": 0.30176797051444704, \""Organic Beefsteak Tomatoes (bag)\"": 0.2830597410964102, \""Organic Russet Potatoes (bag)\"": 0.2785962275253016, \""Forager Project Organic Dairy Free Probiotic Blueberry Cashew & Coconut Yogurt Cup (5.3 oz)\"": 0.4831108265791887, \""Organic Mini Seedless Watermelon (each)\"": 0.2304133154990349, \""Organic Cantaloupes (each)\"": 0.2606154739498167, \""Organic Lemons (bag)\"": 0.267502231345306, \""Bag Fee\"": 0.0, \""Bottle Deposit aka CRV\"": 0.0, \""Unknown Item\"": 0.30832188849502923}, \""ORGVALLY EGGS-LRGE\"": {\""Driscoll's Organic Strawberries (16 oz)\"": 0.3465146109274492, \""Organic Blueberries (6 oz)\"": 0.33795929495632004, \""Organic Valley Free Range Brown Eggs Large (6 ct)\"": 0.5643908383448839, \""Del Cabo Organic Cherry Tomatoes (1 pt)\"": 0.33675234506945106, \""Organic Beefsteak Tomatoes (bag)\"": 0.37522012545651384, \""Organic Russet Potatoes (bag)\"": 0.37190493938715724, \""Forager Project Organic Dairy Free Probiotic Blueberry Cashew & Coconut Yogurt Cup (5.3 oz)\"": 0.3055097744657481, \""Organic Mini Seedless Watermelon (each)\"": 0.2857907666421657, \""Organic Cantaloupes (each)\"": 0.3404791047173056, \""Organic Lemons (bag)\"": 0.35105414255319806, \""Bag Fee\"": 0.0, \""Bottle Deposit aka CRV\"": 0.0, \""Unknown Item\"": 0.2563950854427642}, \""ORG POTATO-RUSET\"": {\""Driscoll's Organic Strawberries (16 oz)\"": 0.22935339322116904, \""Organic Blueberries (6 oz)\"": 0.219880782737043, \""Organic Valley Free Range Brown Eggs Large (6 ct)\"": 0.22167735721786896, \""Del Cabo Organic Cherry Tomatoes (1 pt)\"": 0.28181348558595115, \""Organic Beefsteak Tomatoes (bag)\"": 0.2670070130491266, \""Organic Russet Potatoes (bag)\"": 0.4495460229212477, \""Forager Project Organic Dairy Free Probiotic Blueberry Cashew & Coconut Yogurt Cup (5.3 oz)\"": 0.18138451804034675, \""Organic Mini Seedless Watermelon (each)\"": 0.1884902475801293, \""Organic Cantaloupes (each)\"": 0.2248538631042176, \""Organic Lemons (bag)\"": 0.24223154298022292, \""Bag Fee\"": 0.0, \""Bottle Deposit aka CRV\"": 0.0, \""Unknown Item\"": 0.17729941692122939}, \""DRISCLLS STRAW(O)\"": {\""Driscoll's Organic Strawberries (16 oz)\"": 0.5071933575633575, \""Organic Blueberries (6 oz)\"": 0.32091926767621504, \""Organic Valley Free Range Brown Eggs Large (6 ct)\"": 0.23184334516979274, \""Del Cabo Organic Cherry Tomatoes (1 pt)\"": 0.3095771161865562, \""Organic Beefsteak Tomatoes (bag)\"": 0.27646468398975266, \""Organic Russet Potatoes (bag)\"": 0.28393988568280315, \""Forager Project Organic Dairy Free Probiotic Blueberry Cashew & Coconut Yogurt Cup (5.3 oz)\"": 0.28009310791011144, \""Organic Mini Seedless Watermelon (each)\"": 0.2989584293049183, \""Organic Cantaloupes (each)\"": 0.2780831112420515, \""Organic Lemons (bag)\"": 0.2985229919988772, \""Bag Fee\"": 0.0, \""Bottle Deposit aka CRV\"": 0.0, \""Unknown Item\"": 0.22438683493403278}, \""ORG MINI WATERMELO\"": {\""Driscoll's Organic Strawberries (16 oz)\"": 0.27806050755284406, \""Organic Blueberries (6 oz)\"": 0.2754117102850872, \""Organic Valley Free Range Brown Eggs Large (6 ct)\"": 0.20959072119830843, \""Del Cabo Organic Cherry Tomatoes (1 pt)\"": 0.31851273706982464, \""Organic Beefsteak Tomatoes (bag)\"": 0.2844871173664593, \""Organic Russet Potatoes (bag)\"": 0.24622566074845317, \""Forager Project Organic Dairy Free Probiotic Blueberry Cashew & Coconut Yogurt Cup (5.3 oz)\"": 0.23388954057196984, \""Organic Mini Seedless Watermelon (each)\"": 0.5379539244562673, \""Organic Cantaloupes (each)\"": 0.3977792228503626, \""Organic Lemons (bag)\"": 0.29807170602639654, \""Bag Fee\"": 0.22497441709809793, \""Bottle Deposit aka CRV\"": 0.18351008959606815, \""Unknown Item\"": 0.10840626324790403}, \""TOMATOES(O)\"": {\""Driscoll's Organic Strawberries (16 oz)\"": 0.37138685850169045, \""Organic Blueberries (6 oz)\"": 0.3831342089999379, \""Organic Valley Free Range Brown Eggs Large (6 ct)\"": 0.332505688141593, \""Del Cabo Organic Cherry Tomatoes (1 pt)\"": 0.5465997889924289, \""Organic Beefsteak Tomatoes (bag)\"": 0.5421219633030746, \""Organic Russet Potatoes (bag)\"": 0.3908041248665526, \""Forager Project Organic Dairy Free Probiotic Blueberry Cashew & Coconut Yogurt Cup (5.3 oz)\"": 0.28351880357645837, \""Organic Mini Seedless Watermelon (each)\"": 0.40062135725819403, \""Organic Cantaloupes (each)\"": 0.4154822988666231, \""Organic Lemons (bag)\"": 0.414871983211827, \""Bag Fee\"": 0.0, \""Bottle Deposit aka CRV\"": 0.0, \""Unknown Item\"": 0.2737092739790227}, \""LEMONS-LRG\"": {\""Driscoll's Organic Strawberries (16 oz)\"": 0.25851035167119885, \""Organic Blueberries (6 oz)\"": 0.25808300228840547, \""Organic Valley Free Range Brown Eggs Large (6 ct)\"": 0.2558812112507513, \""Del Cabo Organic Cherry Tomatoes (1 pt)\"": 0.2904675213764752, \""Organic Beefsteak Tomatoes (bag)\"": 0.2796193355985857, \""Organic Russet Potatoes (bag)\"": 0.23861549526285494, \""Forager Project Organic Dairy Free Probiotic Blueberry Cashew & Coconut Yogurt Cup (5.3 oz)\"": 0.24715113378604134, \""Organic Mini Seedless Watermelon (each)\"": 0.2740442611034581, \""Organic Cantaloupes (each)\"": 0.2696519699039247, \""Organic Lemons (bag)\"": 0.5224954189974386, \""Bag Fee\"": 0.0, \""Bottle Deposit aka CRV\"": 0.0, \""Unknown Item\"": 0.2779865264189853}, \""MELON-CANTALOUPE\"": {\""Driscoll's Organic Strawberries (16 oz)\"": 0.2645362340667281, \""Organic Blueberries (6 oz)\"": 0.24241983167761624, \""Organic Valley Free Range Brown Eggs Large (6 ct)\"": 0.17891368690344991, \""Del Cabo Organic Cherry Tomatoes (1 pt)\"": 0.33544146900370203, \""Organic Beefsteak Tomatoes (bag)\"": 0.2986226100359071, \""Organic Russet Potatoes (bag)\"": 0.23541441246830405, \""Forager Project Organic Dairy Free Probiotic Blueberry Cashew & Coconut Yogurt Cup (5.3 oz)\"": 0.2162633722985982, \""Organic Mini Seedless Watermelon (each)\"": 0.47010727017076537, \""Organic Cantaloupes (each)\"": 0.567856640748327, \""Organic Lemons (bag)\"": 0.25319080606848726, \""Bag Fee\"": 0.19398000001838916, \""Bottle Deposit aka CRV\"": 0.20565527474341352, \""Unknown Item\"": 0.12837447096398674}, \""BLUEBERRIES ORG 60\"": {\""Driscoll's Organic Strawberries (16 oz)\"": 0.4693789267720023, \""Organic Blueberries (6 oz)\"": 0.6442379545458788, \""Organic Valley Free Range Brown Eggs Large (6 ct)\"": 0.3423682003048517, \""Del Cabo Organic Cherry Tomatoes (1 pt)\"": 0.4109725005907442, \""Organic Beefsteak Tomatoes (bag)\"": 0.38805305955148756, \""Organic Russet Potatoes (bag)\"": 0.35591770363520325, \""Forager Project Organic Dairy Free Probiotic Blueberry Cashew & Coconut Yogurt Cup (5.3 oz)\"": 0.42776540845654515, \""Organic Mini Seedless Watermelon (each)\"": 0.3433904932210296, \""Organic Cantaloupes (each)\"": 0.3572148337257759, \""Organic Lemons (bag)\"": 0.39972254426570275, \""Bag Fee\"": 0.0, \""Bottle Deposit aka CRV\"": 0.0, \""Unknown Item\"": 0.20340321595396885}, \""DELCABO CHERRY TMT\"": {\""Driscoll's Organic Strawberries (16 oz)\"": 0.2365066729359233, \""Organic Blueberries (6 oz)\"": 0.20449769848877392, \""Organic Valley Free Range Brown Eggs Large (6 ct)\"": 0.1481439375254182, \""Del Cabo Organic Cherry Tomatoes (1 pt)\"": 0.4425711028674849, \""Organic Beefsteak Tomatoes (bag)\"": 0.2768160230036768, \""Organic Russet Potatoes (bag)\"": 0.17418480340390996, \""Forager Project Organic Dairy Free Probiotic Blueberry Cashew & Coconut Yogurt Cup (5.3 oz)\"": 0.18559072963517648, \""Organic Mini Seedless Watermelon (each)\"": 0.2367837113718545, \""Organic Cantaloupes (each)\"": 0.24422244134969495, \""Organic Lemons (bag)\"": 0.23869566417112517, \""Bag Fee\"": 0.0, \""Bottle Deposit aka CRV\"": 0.0, \""Unknown Item\"": 0.19708952127951687}, \""BAG CHARGE - CUST NP\"": {\""Driscoll's Organic Strawberries (16 oz)\"": 0.2031228702193139, \""Organic Blueberries (6 oz)\"": 0.2116826362076771, \""Organic Valley Free Range Brown Eggs Large (6 ct)\"": 0.2098671675949041, \""Del Cabo Organic Cherry Tomatoes (1 pt)\"": 0.2521970569046609, \""Organic Beefsteak Tomatoes (bag)\"": 0.2791535246875312, \""Organic Russet Potatoes (bag)\"": 0.29558979144143344, \""Forager Project Organic Dairy Free Probiotic Blueberry Cashew & Coconut Yogurt Cup (5.3 oz)\"": 0.21182679947301286, \""Organic Mini Seedless Watermelon (each)\"": 0.194187893566464, \""Organic Cantaloupes (each)\"": 0.24254450991444965, \""Organic Lemons (bag)\"": 0.3270322796539825, \""Bag Fee\"": 0.6249982523578048, \""Bottle Deposit aka CRV\"": 0.390444291622845, \""Unknown Item\"": 0.1964708936701348}, \""Unknown Item\"": {\""Driscoll's Organic Strawberries (16 oz)\"": 0.1912075542148052, \""Organic Blueberries (6 oz)\"": 0.20688630509678824, \""Organic Valley Free Range Brown Eggs Large (6 ct)\"": 0.18244839328253556, \""Del Cabo Organic Cherry Tomatoes (1 pt)\"": 0.1954949443662176, \""Organic Beefsteak Tomatoes (bag)\"": 0.19076861346209595, \""Organic Russet Potatoes (bag)\"": 0.20625887991350697, \""Forager Project Organic Dairy Free Probiotic Blueberry Cashew & Coconut Yogurt Cup (5.3 oz)\"": 0.20423548639005892, \""Organic Mini Seedless Watermelon (each)\"": 0.20016206088699004, \""Organic Cantaloupes (each)\"": 0.20656178142934434, \""Organic Lemons (bag)\"": 0.20206605951825007, \""Bag Fee\"": 0.30052888428702396, \""Bottle Deposit aka CRV\"": 0.21786454799618984, \""Unknown Item\"": 0.9990000248381737}}""
  },
  {
    ""key"": ""total_amount"",
    ""value"": ""{\""money\"": {\""unit_amount\"": 7708, \""currency\"": \""USD\"", \""display_string\"": \""None77.08\"", \""decimal_places\"": 2, \""sign\"": null, \""symbol\"": null}, \""confidence_score\"": 1.0}""
  },
  {
    ""key"": ""discount_amount"",
    ""value"": ""{\""money\"": {\""unit_amount\"": 0, \""currency\"": \""USD\"", \""display_string\"": \""None0.00\"", \""decimal_places\"": 2, \""sign\"": null, \""symbol\"": null}, \""confidence_score\"": 1.0}""
  },
  {
    ""key"": ""business_id"",
    ""value"": ""11699156""
  },
  {
    ""key"": ""subtotal_amount"",
    ""value"": ""{\""money\"": {\""unit_amount\"": 7708, \""currency\"": \""USD\"", \""display_string\"": \""None77.08\"", \""decimal_places\"": 2, \""sign\"": null, \""symbol\"": null}, \""confidence_score\"": 1.0}""
  },
  {
    ""key"": ""tax_confidence_score"",
    ""value"": ""1.0""
  },
  {
    ""key"": ""matched_item_info"",
    ""value"": ""[{\""merchant_supplied_id\"": \""81455802031\"", \""display_name\"": \""Forager Project Organic Dairy Free Probiotic Blueberry Cashew & Coconut Yogurt Cup (5.3 oz)\"", \""ocr_description\"": \""FORAGER CASHGRT-BL\"", \""quantity\"": {\""value\"": 1.0}, \""price_per_unit\"": {\""unit_amount\"": 200, \""currency\"": \""USD\"", \""display_string\"": \""None2.00\"", \""decimal_places\"": 2, \""sign\"": null, \""symbol\"": null}, \""item_price\"": {\""unit_amount\"": 200, \""currency\"": \""USD\"", \""display_string\"": \""None2.00\"", \""decimal_places\"": 2, \""sign\"": null, \""symbol\"": null}, \""non_discount_price_per_unit\"": {\""unit_amount\"": 0, \""currency\"": \""USD\"", \""display_string\"": \""None0.00\"", \""decimal_places\"": 2, \""sign\"": null, \""symbol\"": null}, \""non_discount_item_price\"": {\""unit_amount\"": 0, \""currency\"": \""USD\"", \""display_string\"": \""None0.00\"", \""decimal_places\"": 2, \""sign\"": null, \""symbol\"": null}, \""sold_by_weight\"": false, \""confidence_score\"": 1.0}, {\""merchant_supplied_id\"": \""9396681121\"", \""display_name\"": \""Organic Valley Free Range Brown Eggs Large (6 ct)\"", \""ocr_description\"": \""ORGVALLY EGGS-LRGE\"", \""quantity\"": {\""value\"": 1.0}, \""price_per_unit\"": {\""unit_amount\"": 499, \""currency\"": \""USD\"", \""display_string\"": \""None4.99\"", \""decimal_places\"": 2, \""sign\"": null, \""symbol\"": null}, \""item_price\"": {\""unit_amount\"": 499, \""currency\"": \""USD\"", \""display_string\"": \""None4.99\"", \""decimal_places\"": 2, \""sign\"": null, \""symbol\"": null}, \""non_discount_price_per_unit\"": {\""unit_amount\"": 0, \""currency\"": \""USD\"", \""display_string\"": \""None0.00\"", \""decimal_places\"": 2, \""sign\"": null, \""symbol\"": null}, \""non_discount_item_price\"": {\""unit_amount\"": 0, \""currency\"": \""USD\"", \""display_string\"": \""None0.00\"", \""decimal_places\"": 2, \""sign\"": null, \""symbol\"": null}, \""sold_by_weight\"": false, \""confidence_score\"": 1.0}, {\""merchant_supplied_id\"": \""94072\"", \""display_name\"": \""Organic Russet Potatoes (bag)\"", \""ocr_description\"": \""ORG POTATO-RUSET\"", \""quantity\"": {\""value\"": 0.88}, \""price_per_unit\"": {\""unit_amount\"": 189, \""currency\"": \""USD\"", \""display_string\"": \""None1.89\"", \""decimal_places\"": 2, \""sign\"": null, \""symbol\"": null}, \""item_price\"": {\""unit_amount\"": 166, \""currency\"": \""USD\"", \""display_string\"": \""None1.66\"", \""decimal_places\"": 2, \""sign\"": null, \""symbol\"": null}, \""non_discount_price_per_unit\"": {\""unit_amount\"": 0, \""currency\"": \""USD\"", \""display_string\"": \""None0.00\"", \""decimal_places\"": 2, \""sign\"": null, \""symbol\"": null}, \""non_discount_item_price\"": {\""unit_amount\"": 0, \""currency\"": \""USD\"", \""display_string\"": \""None0.00\"", \""decimal_places\"": 2, \""sign\"": null, \""symbol\"": null}, \""sold_by_weight\"": true, \""confidence_score\"": 1.0}, {\""merchant_supplied_id\"": \""71575620011\"", \""display_name\"": \""Driscoll's Organic Strawberries (16 oz)\"", \""ocr_description\"": \""DRISCLLS STRAW(O)\"", \""quantity\"": {\""value\"": 4.0}, \""price_per_unit\"": {\""unit_amount\"": 599, \""currency\"": \""USD\"", \""display_string\"": \""None5.99\"", \""decimal_places\"": 2, \""sign\"": null, \""symbol\"": null}, \""item_price\"": {\""unit_amount\"": 2396, \""currency\"": \""USD\"", \""display_string\"": \""None23.96\"", \""decimal_places\"": 2, \""sign\"": null, \""symbol\"": null}, \""non_discount_price_per_unit\"": {\""unit_amount\"": 0, \""currency\"": \""USD\"", \""display_string\"": \""None0.00\"", \""decimal_places\"": 2, \""sign\"": null, \""symbol\"": null}, \""non_discount_item_price\"": {\""unit_amount\"": 0, \""currency\"": \""USD\"", \""display_string\"": \""None0.00\"", \""decimal_places\"": 2, \""sign\"": null, \""symbol\"": null}, \""sold_by_weight\"": false, \""confidence_score\"": 1.0}, {\""merchant_supplied_id\"": \""93421\"", \""display_name\"": \""Organic Mini Seedless Watermelon (each)\"", \""ocr_description\"": \""ORG MINI WATERMELO\"", \""quantity\"": {\""value\"": 6.01}, \""price_per_unit\"": {\""unit_amount\"": 99, \""currency\"": \""USD\"", \""display_string\"": \""None0.99\"", \""decimal_places\"": 2, \""sign\"": null, \""symbol\"": null}, \""item_price\"": {\""unit_amount\"": 594, \""currency\"": \""USD\"", \""display_string\"": \""None5.94\"", \""decimal_places\"": 2, \""sign\"": null, \""symbol\"": null}, \""non_discount_price_per_unit\"": {\""unit_amount\"": 0, \""currency\"": \""USD\"", \""display_string\"": \""None0.00\"", \""decimal_places\"": 2, \""sign\"": null, \""symbol\"": null}, \""non_discount_item_price\"": {\""unit_amount\"": 0, \""currency\"": \""USD\"", \""display_string\"": \""None0.00\"", \""decimal_places\"": 2, \""sign\"": null, \""symbol\"": null}, \""sold_by_weight\"": true, \""confidence_score\"": 1.0}, {\""merchant_supplied_id\"": \""79985765520\"", \""display_name\"": \""Del Cabo Organic Cherry Tomatoes (1 pt)\"", \""ocr_description\"": \""TOMATOES(O)\"", \""quantity\"": {\""value\"": 1.0}, \""price_per_unit\"": {\""unit_amount\"": 399, \""currency\"": \""USD\"", \""display_string\"": \""None3.99\"", \""decimal_places\"": 2, \""sign\"": null, \""symbol\"": null}, \""item_price\"": {\""unit_amount\"": 399, \""currency\"": \""USD\"", \""display_string\"": \""None3.99\"", \""decimal_places\"": 2, \""sign\"": null, \""symbol\"": null}, \""non_discount_price_per_unit\"": {\""unit_amount\"": 0, \""currency\"": \""USD\"", \""display_string\"": \""None0.00\"", \""decimal_places\"": 2, \""sign\"": null, \""symbol\"": null}, \""non_discount_item_price\"": {\""unit_amount\"": 0, \""currency\"": \""USD\"", \""display_string\"": \""None0.00\"", \""decimal_places\"": 2, \""sign\"": null, \""symbol\"": null}, \""sold_by_weight\"": true, \""confidence_score\"": 1.0}, {\""merchant_supplied_id\"": \""94053\"", \""display_name\"": \""Organic Lemons (bag)\"", \""ocr_description\"": \""LEMONS-LRG\"", \""quantity\"": {\""value\"": 0.9}, \""price_per_unit\"": {\""unit_amount\"": 299, \""currency\"": \""USD\"", \""display_string\"": \""None2.99\"", \""decimal_places\"": 2, \""sign\"": null, \""symbol\"": null}, \""item_price\"": {\""unit_amount\"": 269, \""currency\"": \""USD\"", \""display_string\"": \""None2.69\"", \""decimal_places\"": 2, \""sign\"": null, \""symbol\"": null}, \""non_discount_price_per_unit\"": {\""unit_amount\"": 0, \""currency\"": \""USD\"", \""display_string\"": \""None0.00\"", \""decimal_places\"": 2, \""sign\"": null, \""symbol\"": null}, \""non_discount_item_price\"": {\""unit_amount\"": 0, \""currency\"": \""USD\"", \""display_string\"": \""None0.00\"", \""decimal_places\"": 2, \""sign\"": null, \""symbol\"": null}, \""sold_by_weight\"": true, \""confidence_score\"": 1.0}, {\""merchant_supplied_id\"": \""94050\"", \""display_name\"": \""Organic Cantaloupes (each)\"", \""ocr_description\"": \""MELON-CANTALOUPE\"", \""quantity\"": {\""value\"": 2.73}, \""price_per_unit\"": {\""unit_amount\"": 99, \""currency\"": \""USD\"", \""display_string\"": \""None0.99\"", \""decimal_places\"": 2, \""sign\"": null, \""symbol\"": null}, \""item_price\"": {\""unit_amount\"": 270, \""currency\"": \""USD\"", \""display_string\"": \""None2.70\"", \""decimal_places\"": 2, \""sign\"": null, \""symbol\"": null}, \""non_discount_price_per_unit\"": {\""unit_amount\"": 0, \""currency\"": \""USD\"", \""display_string\"": \""None0.00\"", \""decimal_places\"": 2, \""sign\"": null, \""symbol\"": null}, \""non_discount_item_price\"": {\""unit_amount\"": 0, \""currency\"": \""USD\"", \""display_string\"": \""None0.00\"", \""decimal_places\"": 2, \""sign\"": null, \""symbol\"": null}, \""sold_by_weight\"": true, \""confidence_score\"": 1.0}, {\""merchant_supplied_id\"": \""4500985683\"", \""display_name\"": \""Organic Blueberries (6 oz)\"", \""ocr_description\"": \""BLUEBERRIES ORG 60\"", \""quantity\"": {\""value\"": 4.0}, \""price_per_unit\"": {\""unit_amount\"": 599, \""currency\"": \""USD\"", \""display_string\"": \""None5.99\"", \""decimal_places\"": 2, \""sign\"": null, \""symbol\"": null}, \""item_price\"": {\""unit_amount\"": 2396, \""currency\"": \""USD\"", \""display_string\"": \""None23.96\"", \""decimal_places\"": 2, \""sign\"": null, \""symbol\"": null}, \""non_discount_price_per_unit\"": {\""unit_amount\"": 0, \""currency\"": \""USD\"", \""display_string\"": \""None0.00\"", \""decimal_places\"": 2, \""sign\"": null, \""symbol\"": null}, \""non_discount_item_price\"": {\""unit_amount\"": 0, \""currency\"": \""USD\"", \""display_string\"": \""None0.00\"", \""decimal_places\"": 2, \""sign\"": null, \""symbol\"": null}, \""sold_by_weight\"": false, \""confidence_score\"": 1.0}, {\""merchant_supplied_id\"": \""94779\"", \""display_name\"": \""Organic Beefsteak Tomatoes (bag)\"", \""ocr_description\"": \""DELCABO CHERRY TMT\"", \""quantity\"": {\""value\"": 1.0}, \""price_per_unit\"": {\""unit_amount\"": 499, \""currency\"": \""USD\"", \""display_string\"": \""None4.99\"", \""decimal_places\"": 2, \""sign\"": null, \""symbol\"": null}, \""item_price\"": {\""unit_amount\"": 499, \""currency\"": \""USD\"", \""display_string\"": \""None4.99\"", \""decimal_places\"": 2, \""sign\"": null, \""symbol\"": null}, \""non_discount_price_per_unit\"": {\""unit_amount\"": 0, \""currency\"": \""USD\"", \""display_string\"": \""None0.00\"", \""decimal_places\"": 2, \""sign\"": null, \""symbol\"": null}, \""non_discount_item_price\"": {\""unit_amount\"": 0, \""currency\"": \""USD\"", \""display_string\"": \""None0.00\"", \""decimal_places\"": 2, \""sign\"": null, \""symbol\"": null}, \""sold_by_weight\"": false, \""confidence_score\"": 1.0}]""
  },
  {
    ""key"": ""bag_fee_info"",
    ""value"": ""{\""quantity\"": {\""value\"": 2.0}, \""price_per_unit\"": {\""unit_amount\"": 10, \""currency\"": \""USD\"", \""display_string\"": \""None0.10\"", \""decimal_places\"": 2, \""sign\"": null, \""symbol\"": null}, \""item_price\"": {\""unit_amount\"": 20, \""currency\"": \""USD\"", \""display_string\"": \""None0.20\"", \""decimal_places\"": 2, \""sign\"": null, \""symbol\"": null}, \""confidence_score\"": 1.0}""
  },
  {
    ""key"": ""blink_items_df"",
    ""value"": ""{\""ocr_description\"": {\""0\"": \""FORAGER CASHGRT-BL\"", \""1\"": \""ORGVALLY EGGS-LRGE\"", \""2\"": \""ORG POTATO-RUSET\"", \""3\"": \""DRISCLLS STRAW(O)\"", \""4\"": \""ORG MINI WATERMELO\"", \""5\"": \""TOMATOES(O)\"", \""6\"": \""LEMONS-LRG\"", \""7\"": \""MELON-CANTALOUPE\"", \""8\"": \""BLUEBERRIES ORG 60\"", \""9\"": \""DELCABO CHERRY TMT\"", \""10\"": \""BAG CHARGE - CUST NP\"", \""11\"": \""discount_cents\"", \""12\"": \""subtotal_cents\"", \""13\"": \""total_tax_cents\"", \""14\"": \""total_cents\""}, \""quantity\"": {\""0\"": 1.0, \""1\"": 1.0, \""2\"": 0.88, \""3\"": 4.0, \""4\"": 6.01, \""5\"": 1.0, \""6\"": 0.9, \""7\"": 2.73, \""8\"": 4.0, \""9\"": 1.0, \""10\"": 2.0, \""11\"": NaN, \""12\"": NaN, \""13\"": NaN, \""14\"": NaN}, \""price_per_unit_cents\"": {\""0\"": 200.0, \""1\"": 499.0, \""2\"": 189.0, \""3\"": 599.0, \""4\"": 99.0, \""5\"": 399.0, \""6\"": 299.0, \""7\"": 99.0, \""8\"": 599.0, \""9\"": 499.0, \""10\"": 10.0, \""11\"": NaN, \""12\"": NaN, \""13\"": NaN, \""14\"": NaN}, \""item_price_cents\"": {\""0\"": 200, \""1\"": 499, \""2\"": 166, \""3\"": 2396, \""4\"": 594, \""5\"": 399, \""6\"": 269, \""7\"": 270, \""8\"": 2396, \""9\"": 499, \""10\"": 20, \""11\"": 0, \""12\"": 7708, \""13\"": 0, \""14\"": 7708}}""
  },
  {
    ""key"": ""input_swipe_amount"",
    ""value"": ""7708""
  },
  {
    ""key"": ""is_legible"",
    ""value"": ""true""
  },
  {
    ""key"": ""input_item_info"",
    ""value"": ""[{\""merchant_supplied_id\"": \""71575620011\"", \""display_name\"": \""Driscoll's Organic Strawberries (16 oz)\"", \""scanned_barcode\"": null}, {\""merchant_supplied_id\"": \""4500985683\"", \""display_name\"": \""Organic Blueberries (6 oz)\"", \""scanned_barcode\"": null}, {\""merchant_supplied_id\"": \""9396681121\"", \""display_name\"": \""Organic Valley Free Range Brown Eggs Large (6 ct)\"", \""scanned_barcode\"": null}, {\""merchant_supplied_id\"": \""79985765520\"", \""display_name\"": \""Del Cabo Organic Cherry Tomatoes (1 pt)\"", \""scanned_barcode\"": null}, {\""merchant_supplied_id\"": \""94779\"", \""display_name\"": \""Organic Beefsteak Tomatoes (bag)\"", \""scanned_barcode\"": null}, {\""merchant_supplied_id\"": \""94072\"", \""display_name\"": \""Organic Russet Potatoes (bag)\"", \""scanned_barcode\"": null}, {\""merchant_supplied_id\"": \""81455802031\"", \""display_name\"": \""Forager Project Organic Dairy Free Probiotic Blueberry Cashew & Coconut Yogurt Cup (5.3 oz)\"", \""scanned_barcode\"": null}, {\""merchant_supplied_id\"": \""93421\"", \""display_name\"": \""Organic Mini Seedless Watermelon (each)\"", \""scanned_barcode\"": null}, {\""merchant_supplied_id\"": \""94050\"", \""display_name\"": \""Organic Cantaloupes (each)\"", \""scanned_barcode\"": null}, {\""merchant_supplied_id\"": \""94053\"", \""display_name\"": \""Organic Lemons (bag)\"", \""scanned_barcode\"": null}]""
  },
  {
    ""key"": ""url"",
    ""value"": ""\""https://img.cdn4dd.com/cdn-cgi/image/format=auto/https://doordash-static.s3.amazonaws.com/media/photosV2/c37daab1-29e9-4358-8912-336ee8944096-retina-large.jpeg\""""
  },
  {
    ""key"": ""sanity_checks"",
    ""value"": ""{\""swipe_match\"": true, \""subtotal_match\"": true, \""tax_match\"": true, \""items_length_match\"": true, \""ok_ocr_name_deduping\"": true, \""item_price_reasonableness\"": true, \""weights_look_ok\"": true, \""bag_fee_max_price\"": true, \""bottle_fee_max_price\"": true, \""bag_fee_max_count\"": true, \""bottle_fee_max_count\"": true, \""tax_vs_subtotal_sanity_check\"": true, \""has_no_unknown_items\"": true, \""has_no_missing_items\"": true, \""delivery_discounts_are_nonzero\"": true}""
  },
  {
    ""key"": ""bottle_fee_info"",
    ""value"": ""{\""quantity\"": {\""value\"": 0}, \""price_per_unit\"": {\""unit_amount\"": 0, \""currency\"": \""USD\"", \""display_string\"": \""None0.00\"", \""decimal_places\"": 2, \""sign\"": null, \""symbol\"": null}, \""item_price\"": {\""unit_amount\"": 0, \""currency\"": \""USD\"", \""display_string\"": \""None0.00\"", \""decimal_places\"": 2, \""sign\"": null, \""symbol\"": null}, \""confidence_score\"": 1.0}""
  },
  {
    ""key"": ""delivery_uuid"",
    ""value"": ""\""96e1b81e-c1e4-3001-b7c4-87592cbc6ee3\""""
  },
  {
    ""key"": ""missing_item_info"",
    ""value"": ""[]""
  },
  {
    ""key"": ""tax_amount"",
    ""value"": ""{\""money\"": {\""unit_amount\"": 0, \""currency\"": \""USD\"", \""display_string\"": \""None0.00\"", \""decimal_places\"": 2, \""sign\"": null, \""symbol\"": null}, \""confidence_score\"": 1.0}""
  },
  {
    ""key"": ""confidence_score"",
    ""value"": ""1.0""
  },
  {
    ""key"": ""raw_blink_receipt"",
    ""value"": ""{\""banner_id\"": 0, \""cardTypeFromAID\"": true, \""cashier\"": {\""confidence\"": 99.97959899902344, \""value\"": \""2\""}, \""date\"": {\""confidence\"": 99.98660278320312, \""value\"": \""09/09/2024\""}, \""isDigital\"": false, \""isFraudulent\"": false, \""is_blurry\"": false, \""is_instacart_shopper\"": false, \""is_receipt\"": true, \""is_screen\"": false, \""item_confidence\"": 99, \""last4cc\"": {\""confidence\"": 99.99549865722656, \""value\"": \""8641\""}, \""merchant_confidence\"": 95, \""merchant_name\"": \""Mother's California Market\"", \""ocr_confidence\"": 99.49964904785156, \""paymentMethods\"": [{\""amount\"": {\""confidence\"": 0, \""value\"": 77.08}, \""cardType\"": {\""confidence\"": 100, \""value\"": \""Mastercard\""}, \""method\"": {\""confidence\"": 99.97489166259766, \""value\"": \""Credit\""}}], \""phones\"": [{\""confidence\"": 99.94145965576172, \""value\"": \""949-723-6667\""}], \""products\"": [{\""line\"": 1011, \""price\"": {\""confidence\"": 99.83995819091797, \""value\"": 2}, \""price_postfix\"": \""F\"", \""qty\"": {\""confidence\"": 0, \""value\"": 1}, \""rsd\"": {\""confidence\"": 99.9155044555664, \""original_case_value\"": \""FORAGER CASHGRT-BL\"", \""value\"": \""FORAGER CASHGRT-BL\""}, \""totalPrice\"": {\""confidence\"": 0, \""value\"": 2}}, {\""infoLines\"": [{\""line\"": 1013, \""text\"": {\""confidence\"": 100, \""value\"": \""0.88 lb @ 1.89 /lb\""}, \""type\"": {\""confidence\"": 100, \""value\"": \""Weight\""}}], \""line\"": 1012, \""price\"": {\""confidence\"": 99.84120178222656, \""value\"": 4.99}, \""price_postfix\"": \""F\"", \""qty\"": {\""confidence\"": 0, \""value\"": 1}, \""rsd\"": {\""confidence\"": 99.83068084716797, \""original_case_value\"": \""ORGVALLY EGGS-LRGE\"", \""value\"": \""ORGVALLY EGGS-LRGE\""}, \""totalPrice\"": {\""confidence\"": 0, \""value\"": 4.99}}, {\""infoLines\"": [{\""line\"": 1013, \""text\"": {\""confidence\"": 100, \""value\"": \""0.88 lb @ 1.89 /lb\""}, \""type\"": {\""confidence\"": 100, \""value\"": \""Weight\""}}, {\""line\"": 1015, \""text\"": {\""confidence\"": 100, \""value\"": \""4 @ 5.99\""}, \""type\"": {\""confidence\"": 100, \""value\"": \""Quantity\""}}], \""line\"": 1014, \""price\"": {\""confidence\"": 0, \""value\"": 1.89}, \""price_postfix\"": \""F\"", \""qty\"": {\""confidence\"": 0, \""value\"": 0.88}, \""rsd\"": {\""confidence\"": 100, \""original_case_value\"": \""ORG POTATO-RUSET\"", \""value\"": \""ORG POTATO-RUSET\""}, \""rsd_prefix\"": \""WT \"", \""totalPrice\"": {\""confidence\"": 0, \""value\"": 1.66}, \""uom\"": {\""confidence\"": 0, \""value\"": \""lb\""}}, {\""infoLines\"": [{\""line\"": 1015, \""text\"": {\""confidence\"": 100, \""value\"": \""4 @ 5.99\""}, \""type\"": {\""confidence\"": 100, \""value\"": \""Quantity\""}}, {\""line\"": 1017, \""text\"": {\""confidence\"": 100, \""value\"": \""6.01 lb @ 0.99 /lb\""}, \""type\"": {\""confidence\"": 100, \""value\"": \""Weight\""}}], \""line\"": 1016, \""price\"": {\""confidence\"": 97.45658111572266, \""value\"": 5.99}, \""price_postfix\"": \""F\"", \""qty\"": {\""confidence\"": 0, \""value\"": 4}, \""rsd\"": {\""confidence\"": 97.45658111572266, \""original_case_value\"": \""DRISCLLS STRAW(O)\"", \""value\"": \""DRISCLLS STRAW(O)\""}, \""totalPrice\"": {\""confidence\"": 0, \""value\"": 23.96}}, {\""infoLines\"": [{\""line\"": 1017, \""text\"": {\""confidence\"": 100, \""value\"": \""6.01 lb @ 0.99 /lb\""}, \""type\"": {\""confidence\"": 100, \""value\"": \""Weight\""}}, {\""line\"": 1019, \""text\"": {\""confidence\"": 100, \""value\"": \""1.00 lb @ 3.99 /lb\""}, \""type\"": {\""confidence\"": 100, \""value\"": \""Weight\""}}], \""line\"": 1018, \""price\"": {\""confidence\"": 0, \""value\"": 0.99}, \""price_postfix\"": \""F\"", \""qty\"": {\""confidence\"": 0, \""value\"": 6.01}, \""rsd\"": {\""confidence\"": 100, \""original_case_value\"": \""ORG MINI WATERMELO\"", \""value\"": \""ORG MINI WATERMELO\""}, \""rsd_prefix\"": \""WT \"", \""totalPrice\"": {\""confidence\"": 0, \""value\"": 5.94}, \""uom\"": {\""confidence\"": 0, \""value\"": \""lb\""}}, {\""infoLines\"": [{\""line\"": 1019, \""text\"": {\""confidence\"": 100, \""value\"": \""1.00 lb @ 3.99 /lb\""}, \""type\"": {\""confidence\"": 100, \""value\"": \""Weight\""}}, {\""line\"": 1021, \""text\"": {\""confidence\"": 100, \""value\"": \""0.90 lb @ 2.99 /lb\""}, \""type\"": {\""confidence\"": 100, \""value\"": \""Weight\""}}], \""line\"": 1020, \""price\"": {\""confidence\"": 0, \""value\"": 3.99}, \""price_postfix\"": \""F\"", \""qty\"": {\""confidence\"": 0, \""value\"": 1}, \""rsd\"": {\""confidence\"": 100, \""original_case_value\"": \""TOMATOES(O)\"", \""value\"": \""TOMATOES(O)\""}, \""rsd_prefix\"": \""WT \"", \""totalPrice\"": {\""confidence\"": 0, \""value\"": 3.99}, \""uom\"": {\""confidence\"": 0, \""value\"": \""lb\""}}, {\""infoLines\"": [{\""line\"": 1021, \""text\"": {\""confidence\"": 100, \""value\"": \""0.90 lb @ 2.99 /lb\""}, \""type\"": {\""confidence\"": 100, \""value\"": \""Weight\""}}, {\""line\"": 1023, \""text\"": {\""confidence\"": 100, \""value\"": \""2.73 lb @ 0.99 /lb\""}, \""type\"": {\""confidence\"": 100, \""value\"": \""Weight\""}}], \""line\"": 1022, \""price\"": {\""confidence\"": 0, \""value\"": 2.99}, \""price_postfix\"": \""F\"", \""qty\"": {\""confidence\"": 0, \""value\"": 0.9}, \""rsd\"": {\""confidence\"": 100, \""original_case_value\"": \""LEMONS-LRG\"", \""value\"": \""LEMONS-LRG\""}, \""rsd_prefix\"": \""WT \"", \""totalPrice\"": {\""confidence\"": 0, \""value\"": 2.69}, \""uom\"": {\""confidence\"": 0, \""value\"": \""lb\""}}, {\""infoLines\"": [{\""line\"": 1023, \""text\"": {\""confidence\"": 100, \""value\"": \""2.73 lb @ 0.99 /lb\""}, \""type\"": {\""confidence\"": 100, \""value\"": \""Weight\""}}, {\""line\"": 1025, \""text\"": {\""confidence\"": 100, \""value\"": \""4 @ 5.99\""}, \""type\"": {\""confidence\"": 100, \""value\"": \""Quantity\""}}], \""line\"": 1024, \""price\"": {\""confidence\"": 0, \""value\"": 0.99}, \""price_postfix\"": \""F\"", \""qty\"": {\""confidence\"": 0, \""value\"": 2.73}, \""rsd\"": {\""confidence\"": 100, \""original_case_value\"": \""MELON-CANTALOUPE\"", \""value\"": \""MELON-CANTALOUPE\""}, \""rsd_prefix\"": \""WT \"", \""totalPrice\"": {\""confidence\"": 0, \""value\"": 2.7}, \""uom\"": {\""confidence\"": 0, \""value\"": \""lb\""}}, {\""infoLines\"": [{\""line\"": 1025, \""text\"": {\""confidence\"": 100, \""value\"": \""4 @ 5.99\""}, \""type\"": {\""confidence\"": 100, \""value\"": \""Quantity\""}}], \""line\"": 1026, \""price\"": {\""confidence\"": 99.21453094482422, \""value\"": 5.99}, \""price_postfix\"": \""F\"", \""qty\"": {\""confidence\"": 0, \""value\"": 4}, \""rsd\"": {\""confidence\"": 99.21453094482422, \""original_case_value\"": \""BLUEBERRIES ORG 60\"", \""value\"": \""BLUEBERRIES ORG 60\""}, \""totalPrice\"": {\""confidence\"": 0, \""value\"": 23.96}}, {\""infoLines\"": [{\""line\"": 1028, \""text\"": {\""confidence\"": 100, \""value\"": \""2 @ 0.10\""}, \""type\"": {\""confidence\"": 100, \""value\"": \""Quantity\""}}], \""line\"": 1027, \""price\"": {\""confidence\"": 99.93629455566406, \""value\"": 4.99}, \""price_postfix\"": \""F\"", \""qty\"": {\""confidence\"": 0, \""value\"": 1}, \""rsd\"": {\""confidence\"": 99.95539093017578, \""original_case_value\"": \""DELCABO CHERRY TMT\"", \""value\"": \""DELCABO CHERRY TMT\""}, \""totalPrice\"": {\""confidence\"": 0, \""value\"": 4.99}}, {\""infoLines\"": [{\""line\"": 1028, \""text\"": {\""confidence\"": 100, \""value\"": \""2 @ 0.10\""}, \""type\"": {\""confidence\"": 100, \""value\"": \""Quantity\""}}], \""line\"": 1029, \""price\"": {\""confidence\"": 99.9900894165039, \""value\"": 0.1}, \""qty\"": {\""confidence\"": 0, \""value\"": 2}, \""rsd\"": {\""confidence\"": 99.9900894165039, \""original_case_value\"": \""Bag Charge - Cust NP\"", \""value\"": \""BAG CHARGE - CUST NP\""}, \""rsd_prefix\"": \""MR \"", \""totalPrice\"": {\""confidence\"": 0, \""value\"": 0.2}}], \""purchase_type\"": \""In-Store\"", \""raw_basket\"": \""FORAGER CASHGRT-BL 2.00 F\\nORGVALLY EGGS-LRGE 4.99 F\\n0.88 lb @ 1.89 /lb\\nWT ORG POTATO-RUSET 1.66 F\\n4 @ 5.99\\nDRISCLLS STRAW(O) 23.96 F\\n6.01 lb @ 0.99 /lb\\nWT ORG MINI WATERMELO 5.94 F\\n1.00 lb @ 3.99 /lb\\nWT TOMATOES(O) 3.99 F\\n0.90 lb @ 2.99 /lb\\nWT LEMONS-LRG 2.69 F\\n2.73 lb @ 0.99 /lb\\nWT MELON-CANTALOUPE 2.70 F\\n4 @ 5.99\\nBLUEBERRIES ORG 60 23.96 F\\nDELCABO CHERRY TMT 4.99 F\\n2 @ 0.10\\nMR Bag Charge - Cust NP 0.20\\n\"", \""raw_text_array\"": [\""MOTHER\\nMARKET\\nEST! ae s6 a 978\\nKITCHEN\\nCorona Del Mar\\n949.723.6667\\n\\n\\n\\nYour cashier is: CDM Training 2\\nvisit www.mothersmarket.com today!\\nFORAGER CASHGRT-BL 2.00 F\\nORGVALLY EGGS-LRGE 4.99 F\\n0.88 lb @ 1.89 /lb\\nWT ORG POTATO-RUSET 1.66 F\\n4 @ 5.99\\nDRISCLLS STRAW(O) 23.96 F\\n6.01 lb @ 0.99 /lb\\nWT ORG MINI WATERMELO 5.94 F\\n1.00 lb @ 3.99 /lb\\nWT TOMATOES(O) 3.99 F\\n0.90 lb @ 2.99 /lb\\nWT LEMONS-LRG 2.69 F\\n2.73 lb @ 0.99 /lb\\nWT MELON-CANTALOUPE 2.70 F\\n4 @ 5.99\\nBLUEBERRIES ORG 60 23.96 F\\nDELCABO CHERRY TMT 4.99 F\\n2 @ 0.10\\nMR Bag Charge - Cust NP 0.20\\nTAX 0.00\\n**** BALANCE 77.08\\n**************************************\\nMOTHERS MARKET\\n3049 East Pacific Coast Hwy\\nCorona Del Mar, CA 92625\\nMASTERCARD\\nCard Number: ************8641\\nTYPE: Purchase\\n\\nREFERNCE: H\\nACCT: MASTERCARD 77.08\\n\\n09/09/24 11:57am 7703 2 11 112\\nAID: A0000000041010\\nTVR: 0000008000\\nTSI: A800\\nTRANSACTION TYPE: 00\\nAPPLICATION ISSUER DATA: 0114A14003020\\nAPPLICATION CRYPTOGRAM: 0F1DCF87E9848B\\nCVM: 010002\\nPOS Entry Mode: 07\\nHost Return Code 000\\nMASTERCARD 77.08\\nCHANGE 0.00\\nTOTAL NUMBER OF ITEMS SOLD = 16\\n09/09/24 11:57am 11 2 7703 112\\n\\n\\n\\n\\n\\nReceipt required for returns within\\n30 days of purchase.\\n\""], \""raw_trip_footer\"": \""TAX 0.00\\n**** BALANCE 77.08\\n**************************************\\nMOTHERS MARKET\\n3049 East Pacific Coast Hwy\\nCorona Del Mar, CA 92625\\nMASTERCARD\\nCard Number : ************8641\\nTYPE: Purchase\\nREFERNCE: H\\nACCT: MASTERCARD 77.08\\n09/09/24 11:57am 7703 2 11 112\\nAID: A0000000041010\\nTVR: 0000008000\\nTSI: A800\\nTRANSACTION TYPE: 00\\nAPPLICATION ISSUER DATA: 0114A14003020\\nAPPLICATION CRYPTOGRAM: 0F1DCF87E9848B\\nCVM: 010002\\nPOS Entry Mode: 07\\nHost Return Code 000\\nMASTERCARD 77.08\\nCHANGE 0.00\\nTOTAL NUMBER OF ITEMS SOLD = 16\\n09/09/24 11:57am 11 2 7703 112\\nReceipt required for returns within\\n30 days of purchase.\\n\"", \""raw_trip_header\"": \""MOTHER\\nMARKET\\nEST! ae s6 a 978\\nKITCHEN\\nCorona Del Mar\\n949.723.6667\\nYour cashier is: CDM Training 2\\nvisit www.mothersmarket.com today!\\n\"", \""register\"": {\""confidence\"": 99.97959899902344, \""value\"": \""11\""}, \""store\"": {\""confidence\"": 99.97959899902344, \""value\"": \""7703\""}, \""store_city\"": {\""confidence\"": 100, \""value\"": \""Corona del Mar\""}, \""store_state\"": {\""confidence\"": 100, \""value\"": \""CA\""}, \""store_street\"": {\""confidence\"": 100, \""value\"": \""3049 E Coast Hwy\""}, \""store_zip\"": {\""confidence\"": 100, \""value\"": \""92625\""}, \""subtotal\"": {\""confidence\"": 100, \""value\"": 77.08}, \""taxes\"": {\""confidence\"": 99.984619140625, \""value\"": 0}, \""time\"": {\""confidence\"": 99.98660278320312, \""value\"": \""11:57\""}, \""total\"": {\""confidence\"": 95, \""value\"": 77.08}, \""transaction\"": {\""confidence\"": 99.97959899902344, \""value\"": \""112\""}, \""trip_confidence\"": 100, \""blink_receipt_id\"": \""e625cd93-e7f7-4185-8bf6-320385edae60\"", \""cashback\"": 0, \""image_urls\"": [\""https://img.cdn4dd.com/cdn-cgi/image/format=auto/https://doordash-static.s3.amazonaws.com/media/photosV2/c37daab1-29e9-4358-8912-336ee8944096-retina-large.jpeg\""], \""country_code\"": \""US\"", \""api_version\"": 14}""
  }
]"
"[
  {
    ""key"": ""unmatched_item_info"",
    ""value"": ""[]""
  },
  {
    ""key"": ""embedding_matching_df"",
    ""value"": ""{\""ANGIES BOOMCHICKAP\"": {\""The Fresh Market Super Crab Dip\"": 0.23795932781122006, \""Cranberry Walnut Chicken Salad\"": 0.23072651031702018, \""Angies Boomchickapop Sweet & Salty Kettle Popcorn (7 oz)\"": 0.504568238898701, \""Albanese Skinny Dipper Malt Ball Milk Chocolate Candies (by pound)\"": 0.21258814014426858, \""Bag Fee\"": 0.0, \""Bottle Deposit aka CRV\"": 0.0, \""Unknown Item\"": 0.18798765552069666}, \""MLTBL MK CHOC LB\"": {\""The Fresh Market Super Crab Dip\"": 0.2744638211301137, \""Cranberry Walnut Chicken Salad\"": 0.25003208052414516, \""Angies Boomchickapop Sweet & Salty Kettle Popcorn (7 oz)\"": 0.2524294457474033, \""Albanese Skinny Dipper Malt Ball Milk Chocolate Candies (by pound)\"": 0.41706537062887966, \""Bag Fee\"": 0.0, \""Bottle Deposit aka CRV\"": 0.0, \""Unknown Item\"": 0.260971969530098}, \""CRAN WLNT CHKN SLD\"": {\""The Fresh Market Super Crab Dip\"": 0.32905148063351963, \""Cranberry Walnut Chicken Salad\"": 0.5027313332955331, \""Angies Boomchickapop Sweet & Salty Kettle Popcorn (7 oz)\"": 0.2604426181441198, \""Albanese Skinny Dipper Malt Ball Milk Chocolate Candies (by pound)\"": 0.275507271043509, \""Bag Fee\"": 0.0, \""Bottle Deposit aka CRV\"": 0.0, \""Unknown Item\"": 0.2783817888457355}, \""TFMSUPERCRAB\"": {\""The Fresh Market Super Crab Dip\"": 0.4598909390058224, \""Cranberry Walnut Chicken Salad\"": 0.1917361186240316, \""Angies Boomchickapop Sweet & Salty Kettle Popcorn (7 oz)\"": 0.14420706293884064, \""Albanese Skinny Dipper Malt Ball Milk Chocolate Candies (by pound)\"": 0.14176290693582458, \""Bag Fee\"": 0.0, \""Bottle Deposit aka CRV\"": 0.0, \""Unknown Item\"": 0.2530760238597518}, \""Unknown Item\"": {\""The Fresh Market Super Crab Dip\"": 0.1737272266719577, \""Cranberry Walnut Chicken Salad\"": 0.13041093128144632, \""Angies Boomchickapop Sweet & Salty Kettle Popcorn (7 oz)\"": 0.15607732618363088, \""Albanese Skinny Dipper Malt Ball Milk Chocolate Candies (by pound)\"": 0.14536683279367155, \""Bag Fee\"": 0.30045181350725836, \""Bottle Deposit aka CRV\"": 0.21779990495262982, \""Unknown Item\"": 0.9990009990989842}}""
  },
  {
    ""key"": ""total_amount"",
    ""value"": ""{\""money\"": {\""unit_amount\"": 2144, \""currency\"": \""USD\"", \""display_string\"": \""None21.44\"", \""decimal_places\"": 2, \""sign\"": null, \""symbol\"": null}, \""confidence_score\"": 1.0}""
  },
  {
    ""key"": ""discount_amount"",
    ""value"": ""{\""money\"": {\""unit_amount\"": 0, \""currency\"": \""USD\"", \""display_string\"": \""None0.00\"", \""decimal_places\"": 2, \""sign\"": null, \""symbol\"": null}, \""confidence_score\"": 1.0}""
  },
  {
    ""key"": ""business_id"",
    ""value"": ""11604623""
  },
  {
    ""key"": ""subtotal_amount"",
    ""value"": ""{\""money\"": {\""unit_amount\"": 2054, \""currency\"": \""USD\"", \""display_string\"": \""None20.54\"", \""decimal_places\"": 2, \""sign\"": null, \""symbol\"": null}, \""confidence_score\"": 1.0}""
  },
  {
    ""key"": ""tax_confidence_score"",
    ""value"": ""1.0""
  },
  {
    ""key"": ""matched_item_info"",
    ""value"": ""[{\""merchant_supplied_id\"": \""00818780011938\"", \""display_name\"": \""Angies Boomchickapop Sweet & Salty Kettle Popcorn (7 oz)\"", \""ocr_description\"": \""ANGIES BOOMCHICKAP\"", \""quantity\"": {\""value\"": 1.0}, \""price_per_unit\"": {\""unit_amount\"": 399, \""currency\"": \""USD\"", \""display_string\"": \""None3.99\"", \""decimal_places\"": 2, \""sign\"": null, \""symbol\"": null}, \""item_price\"": {\""unit_amount\"": 399, \""currency\"": \""USD\"", \""display_string\"": \""None3.99\"", \""decimal_places\"": 2, \""sign\"": null, \""symbol\"": null}, \""non_discount_price_per_unit\"": {\""unit_amount\"": 0, \""currency\"": \""USD\"", \""display_string\"": \""None0.00\"", \""decimal_places\"": 2, \""sign\"": null, \""symbol\"": null}, \""non_discount_item_price\"": {\""unit_amount\"": 0, \""currency\"": \""USD\"", \""display_string\"": \""None0.00\"", \""decimal_places\"": 2, \""sign\"": null, \""symbol\"": null}, \""sold_by_weight\"": false, \""confidence_score\"": 1.0}, {\""merchant_supplied_id\"": \""00229970000005\"", \""display_name\"": \""Albanese Skinny Dipper Malt Ball Milk Chocolate Candies (by pound)\"", \""ocr_description\"": \""MLTBL MK CHOC LB\"", \""quantity\"": {\""value\"": 0.54}, \""price_per_unit\"": {\""unit_amount\"": 998, \""currency\"": \""USD\"", \""display_string\"": \""None9.98\"", \""decimal_places\"": 2, \""sign\"": null, \""symbol\"": null}, \""item_price\"": {\""unit_amount\"": 539, \""currency\"": \""USD\"", \""display_string\"": \""None5.39\"", \""decimal_places\"": 2, \""sign\"": null, \""symbol\"": null}, \""non_discount_price_per_unit\"": {\""unit_amount\"": 0, \""currency\"": \""USD\"", \""display_string\"": \""None0.00\"", \""decimal_places\"": 2, \""sign\"": null, \""symbol\"": null}, \""non_discount_item_price\"": {\""unit_amount\"": 0, \""currency\"": \""USD\"", \""display_string\"": \""None0.00\"", \""decimal_places\"": 2, \""sign\"": null, \""symbol\"": null}, \""sold_by_weight\"": true, \""confidence_score\"": 1.0}, {\""merchant_supplied_id\"": \""00232133000002\"", \""display_name\"": \""Cranberry Walnut Chicken Salad\"", \""ocr_description\"": \""CRAN WLNT CHKN SLD\"", \""quantity\"": {\""value\"": 0.51}, \""price_per_unit\"": {\""unit_amount\"": 1210, \""currency\"": \""USD\"", \""display_string\"": \""None12.10\"", \""decimal_places\"": 2, \""sign\"": null, \""symbol\"": null}, \""item_price\"": {\""unit_amount\"": 617, \""currency\"": \""USD\"", \""display_string\"": \""None6.17\"", \""decimal_places\"": 2, \""sign\"": null, \""symbol\"": null}, \""non_discount_price_per_unit\"": {\""unit_amount\"": 0, \""currency\"": \""USD\"", \""display_string\"": \""None0.00\"", \""decimal_places\"": 2, \""sign\"": null, \""symbol\"": null}, \""non_discount_item_price\"": {\""unit_amount\"": 0, \""currency\"": \""USD\"", \""display_string\"": \""None0.00\"", \""decimal_places\"": 2, \""sign\"": null, \""symbol\"": null}, \""sold_by_weight\"": true, \""confidence_score\"": 1.0}, {\""merchant_supplied_id\"": \""00737094216030\"", \""display_name\"": \""The Fresh Market Super Crab Dip\"", \""ocr_description\"": \""TFMSUPERCRAB\"", \""quantity\"": {\""value\"": 1.0}, \""price_per_unit\"": {\""unit_amount\"": 499, \""currency\"": \""USD\"", \""display_string\"": \""None4.99\"", \""decimal_places\"": 2, \""sign\"": null, \""symbol\"": null}, \""item_price\"": {\""unit_amount\"": 499, \""currency\"": \""USD\"", \""display_string\"": \""None4.99\"", \""decimal_places\"": 2, \""sign\"": null, \""symbol\"": null}, \""non_discount_price_per_unit\"": {\""unit_amount\"": 0, \""currency\"": \""USD\"", \""display_string\"": \""None0.00\"", \""decimal_places\"": 2, \""sign\"": null, \""symbol\"": null}, \""non_discount_item_price\"": {\""unit_amount\"": 0, \""currency\"": \""USD\"", \""display_string\"": \""None0.00\"", \""decimal_places\"": 2, \""sign\"": null, \""symbol\"": null}, \""sold_by_weight\"": false, \""confidence_score\"": 1.0}]""
  },
  {
    ""key"": ""bag_fee_info"",
    ""value"": ""{\""quantity\"": {\""value\"": 0}, \""price_per_unit\"": {\""unit_amount\"": 0, \""currency\"": \""USD\"", \""display_string\"": \""None0.00\"", \""decimal_places\"": 2, \""sign\"": null, \""symbol\"": null}, \""item_price\"": {\""unit_amount\"": 0, \""currency\"": \""USD\"", \""display_string\"": \""None0.00\"", \""decimal_places\"": 2, \""sign\"": null, \""symbol\"": null}, \""confidence_score\"": 1.0}""
  },
  {
    ""key"": ""blink_items_df"",
    ""value"": ""{\""ocr_description\"": {\""0\"": \""ANGIES BOOMCHICKAP\"", \""1\"": \""MLTBL MK CHOC LB\"", \""2\"": \""CRAN WLNT CHKN SLD\"", \""3\"": \""TFMSUPERCRAB\"", \""4\"": \""discount_cents\"", \""5\"": \""subtotal_cents\"", \""6\"": \""total_tax_cents\"", \""7\"": \""total_cents\""}, \""quantity\"": {\""0\"": 1.0, \""1\"": 0.54, \""2\"": 0.51, \""3\"": 1.0, \""4\"": NaN, \""5\"": NaN, \""6\"": NaN, \""7\"": NaN}, \""price_per_unit_cents\"": {\""0\"": 399.0, \""1\"": 998.0, \""2\"": 1210.0, \""3\"": 499.0, \""4\"": NaN, \""5\"": NaN, \""6\"": NaN, \""7\"": NaN}, \""item_price_cents\"": {\""0\"": 399, \""1\"": 539, \""2\"": 617, \""3\"": 499, \""4\"": 0, \""5\"": 2054, \""6\"": 90, \""7\"": 2144}}""
  },
  {
    ""key"": ""input_swipe_amount"",
    ""value"": ""2144""
  },
  {
    ""key"": ""is_legible"",
    ""value"": ""true""
  },
  {
    ""key"": ""input_item_info"",
    ""value"": ""[{\""merchant_supplied_id\"": \""00737094216030\"", \""display_name\"": \""The Fresh Market Super Crab Dip\"", \""scanned_barcode\"": {\""code\"": \""737094216030\"", \""format\"": \""UPCA\""}}, {\""merchant_supplied_id\"": \""00232133000002\"", \""display_name\"": \""Cranberry Walnut Chicken Salad\"", \""scanned_barcode\"": null}, {\""merchant_supplied_id\"": \""00818780011938\"", \""display_name\"": \""Angies Boomchickapop Sweet & Salty Kettle Popcorn (7 oz)\"", \""scanned_barcode\"": {\""code\"": \""818780011938\"", \""format\"": \""UPCA\""}}, {\""merchant_supplied_id\"": \""00229970000005\"", \""display_name\"": \""Albanese Skinny Dipper Malt Ball Milk Chocolate Candies (by pound)\"", \""scanned_barcode\"": null}]""
  },
  {
    ""key"": ""url"",
    ""value"": ""\""https://img.cdn4dd.com/cdn-cgi/image/format=auto/https://doordash-static.s3.amazonaws.com/media/photosV2/2c0bd479-ccef-45b4-ae5e-27f4b108a1dd-retina-large.jpeg\""""
  },
  {
    ""key"": ""sanity_checks"",
    ""value"": ""{\""swipe_match\"": true, \""subtotal_match\"": true, \""tax_match\"": true, \""items_length_match\"": true, \""ok_ocr_name_deduping\"": true, \""item_price_reasonableness\"": true, \""weights_look_ok\"": true, \""bag_fee_max_price\"": true, \""bottle_fee_max_price\"": true, \""bag_fee_max_count\"": true, \""bottle_fee_max_count\"": true, \""tax_vs_subtotal_sanity_check\"": true, \""has_no_unknown_items\"": true, \""has_no_missing_items\"": true, \""delivery_discounts_are_nonzero\"": true}""
  },
  {
    ""key"": ""bottle_fee_info"",
    ""value"": ""{\""quantity\"": {\""value\"": 0}, \""price_per_unit\"": {\""unit_amount\"": 0, \""currency\"": \""USD\"", \""display_string\"": \""None0.00\"", \""decimal_places\"": 2, \""sign\"": null, \""symbol\"": null}, \""item_price\"": {\""unit_amount\"": 0, \""currency\"": \""USD\"", \""display_string\"": \""None0.00\"", \""decimal_places\"": 2, \""sign\"": null, \""symbol\"": null}, \""confidence_score\"": 1.0}""
  },
  {
    ""key"": ""delivery_uuid"",
    ""value"": ""\""9141eaea-f5a4-3001-9e46-b0ac5505f975\""""
  },
  {
    ""key"": ""missing_item_info"",
    ""value"": ""[]""
  },
  {
    ""key"": ""tax_amount"",
    ""value"": ""{\""money\"": {\""unit_amount\"": 90, \""currency\"": \""USD\"", \""display_string\"": \""None0.90\"", \""decimal_places\"": 2, \""sign\"": null, \""symbol\"": null}, \""confidence_score\"": 1.0}""
  },
  {
    ""key"": ""confidence_score"",
    ""value"": ""1.0""
  },
  {
    ""key"": ""raw_blink_receipt"",
    ""value"": ""{\""banner_id\"": 77, \""barcode\"": \""https://www.thefreshmarket.com/register\"", \""cashier\"": {\""confidence\"": 99.98626708984375, \""value\"": \""4\""}, \""channel\"": {\""confidence\"": 100, \""value\"": \""Food\""}, \""date\"": {\""confidence\"": 99.98626708984375, \""value\"": \""09/07/2024\""}, \""isDigital\"": false, \""isFraudulent\"": false, \""is_blurry\"": false, \""is_instacart_shopper\"": false, \""is_receipt\"": true, \""is_screen\"": false, \""item_confidence\"": 100, \""last4cc\"": {\""confidence\"": 99.95812225341797, \""value\"": \""3500\""}, \""merchant_confidence\"": 100, \""merchant_name\"": \""The Fresh Market\"", \""ocr_confidence\"": 99.40670776367188, \""paymentMethods\"": [{\""amount\"": {\""confidence\"": 0, \""value\"": 21.44}, \""cardType\"": {\""confidence\"": 100, \""value\"": \""Mastercard\""}, \""method\"": {\""confidence\"": 99.99332427978516, \""value\"": \""Credit\""}}], \""phones\"": [{\""confidence\"": 99.97286987304688, \""value\"": \""704-892-8802\""}], \""products\"": [{\""line\"": 1009, \""price\"": {\""confidence\"": 99.97543334960938, \""value\"": 3.99}, \""price_postfix\"": \""B\"", \""qty\"": {\""confidence\"": 0, \""value\"": 1}, \""rsd\"": {\""confidence\"": 99.97525787353516, \""original_case_value\"": \""ANGIES BOOMCHICKAP\"", \""value\"": \""ANGIES BOOMCHICKAP\""}, \""totalPrice\"": {\""confidence\"": 0, \""value\"": 3.99}}, {\""infoLines\"": [{\""line\"": 1011, \""text\"": {\""confidence\"": 100, \""value\"": \""0.54 lb @ 9.99 /lb\""}, \""type\"": {\""confidence\"": 100, \""value\"": \""Weight\""}}], \""line\"": 1010, \""price\"": {\""confidence\"": 0, \""value\"": 9.99}, \""price_postfix\"": \""B\"", \""qty\"": {\""confidence\"": 0, \""value\"": 0.54}, \""rsd\"": {\""confidence\"": 100, \""original_case_value\"": \""MLTBL MK CHOC LB\"", \""value\"": \""MLTBL MK CHOC LB\""}, \""rsd_prefix\"": \""WT \"", \""totalPrice\"": {\""confidence\"": 0, \""value\"": 5.39}, \""uom\"": {\""confidence\"": 0, \""value\"": \""lb\""}}, {\""infoLines\"": [{\""line\"": 1013, \""text\"": {\""confidence\"": 100, \""value\"": \""0.51 LB @ $11.99/LB\""}, \""type\"": {\""confidence\"": 100, \""value\"": \""Weight\""}}], \""line\"": 1012, \""price\"": {\""confidence\"": 0, \""value\"": 11.99}, \""price_postfix\"": \""B\"", \""qty\"": {\""confidence\"": 0, \""value\"": 0.51}, \""rsd\"": {\""confidence\"": 100, \""original_case_value\"": \""CRAN WLNT CHKN SLD\"", \""value\"": \""CRAN WLNT CHKN SLD\""}, \""totalPrice\"": {\""confidence\"": 0, \""value\"": 6.17}, \""uom\"": {\""confidence\"": 0, \""value\"": \""LB\""}}, {\""line\"": 1014, \""price\"": {\""confidence\"": 99.9834213256836, \""value\"": 4.99}, \""price_postfix\"": \""B\"", \""qty\"": {\""confidence\"": 0, \""value\"": 1}, \""rsd\"": {\""confidence\"": 99.95296478271484, \""original_case_value\"": \""TFMSUPERCRAB\"", \""value\"": \""TFMSUPERCRAB\""}, \""totalPrice\"": {\""confidence\"": 0, \""value\"": 4.99}}], \""purchase_type\"": \""In-Store\"", \""raw_basket\"": \""ANGIES BOOMCHICKAP 3.99 B\\nWT MLTBL MK CHOC LB 5.39 B\\n0.54 lb @ 9.99 /lb\\nCRAN WLNT CHKN SLD 6.17 B\\n0.51 LB @ $11.99/LB\\nTFMSUPERCRAB 4.99 B\\n\"", \""raw_text_array\"": [\""THE\\nF E H\\nMARKET\\n\\n\\n\\nManager: Brian Freitag\\n(704) 892-8802\\n\\nANGIES BOOMCHICKAP 3.99 B\\nWT MLTBL MK CHOC LB 5.39 B\\n0.54 lb @ 9.99 /lb\\nCRAN WLNT CHKN SLD 6.17 B\\n0.51 LB @ $11.99/LB\\nTFMSUPERCRAB 4.99 B\\nTAX 0.90\\n**** BALANCE 21.44\\n\\nMASTER CARD Purchase\\n$21.44 ************3500\\n\\nSWIPED\\n\\n(Signature Not Required)\\nMerchant #\\nREF # 289816\\n**************************************\\nMASTER CARD 21.44\\nCHANGE 0.00\\nTOTAL NUMBER OF ITEMS SOLD = 4\\n09/07/24 08:52am 104 4 21 10097097\\nYour Loyalty ID was not found by our\\nsystem. Be sure to sign up at\\nwww.thefreshmarket.com/register\\nand register today for\\nThe Ultimate Loyalty Experience\\n\\n20623 TORRENCE CHAPEL ROAD, CORNE\\nYour Cashier: jessica\\n\\n\\nHOW TO JOIN OR QUESTIONS ABOUT THE\\nULTIMATE LOYALTY\\nEXPERIENCE(SM\\n\\nCONTACT US AT 866-817-4367\\nOR Scan the QR Code to Signup\\n**************************************\\nShare Your Thoughts\\nHelp us improve your store experience\\n\\nPlease visit the following website\\nto complete a brief\\nonline survey at\\n\\nwww.thefreshmarketsurvey.com\\n\\nfor a chance to\\nwin a $500 TFM Gift Card\\n\\nENTER CODE: *25108 10404 021213\\n\\nOffer expires 4 days from date\\nof purchase\\n\\nThank you for sharing your feedback!\\n**************************************\\n\""], \""raw_trip_footer\"": \""TAX 0.90\\n**** BALANCE 21.44\\nMASTER CARD Purchase\\n$21.44 ************3500\\nSWIPED\\n(Signature Not Required)\\nMerchant #\\nREF # 289816\\n**************************************\\nMASTER CARD 21.44\\nCHANGE 0.00\\nTOTAL NUMBER OF ITEMS SOLD = 4\\n09/07/24 08:52am 104 4 21 10097097\\nYour Loyalty ID was not found by our\\nsystem. Be sure to sign up at\\nwww.thefreshmarket.com/register\\nand register today for\\nThe Ultimate Loyalty Experience\\n20623 TORRENCE CHAPEL ROAD, CORNE\\nYour Cashier: jessica\\nHOW TO JOIN OR QUESTIONS ABOUT THE\\nULTIMATE LOYALTY\\nEXPERIENCE(SM\\nCONTACT US AT 866-817-4367\\nOR Scan the QR Code to Signup\\n**************************************\\nShare Your Thoughts\\nHelp us improve your store experience\\nPlease visit the following website\\nto complete a brief\\nonline survey at\\nwww.thefreshmarketsurvey.com\\nfor a chance to\\nwin a $500 TFM Gift Card\\nENTER CODE: *25108 10404 021213\\nOffer expires 4 days from date\\nof purchase\\nThank you for sharing your feedback!\\n**************************************\\n\"", \""raw_trip_header\"": \""THE\\nF E H\\nMARKET\\nManager: Brian Freitag\\n(704) 892-8802\\n\"", \""register\"": {\""confidence\"": 99.98626708984375, \""value\"": \""21\""}, \""store\"": {\""confidence\"": 99.98626708984375, \""value\"": \""104\""}, \""store_city\"": {\""confidence\"": 100, \""value\"": \""Cornelius\""}, \""store_state\"": {\""confidence\"": 100, \""value\"": \""NC\""}, \""store_street\"": {\""confidence\"": 100, \""value\"": \""20623 Torrence Chapel Road\""}, \""store_zip\"": {\""confidence\"": 100, \""value\"": \""28031\""}, \""subtotal\"": {\""confidence\"": 100, \""value\"": 20.54}, \""taxes\"": {\""confidence\"": 99.98588562011719, \""value\"": 0.9}, \""time\"": {\""confidence\"": 99.98626708984375, \""value\"": \""08:52\""}, \""total\"": {\""confidence\"": 95, \""value\"": 21.44}, \""transaction\"": {\""confidence\"": 99.98626708984375, \""value\"": \""10097097\""}, \""trip_confidence\"": 100, \""blink_receipt_id\"": \""fb20fa65-c150-44ee-bd88-dd39405847e4\"", \""cashback\"": 0, \""image_urls\"": [\""https://img.cdn4dd.com/cdn-cgi/image/format=auto/https://doordash-static.s3.amazonaws.com/media/photosV2/2c0bd479-ccef-45b4-ae5e-27f4b108a1dd-retina-large.jpeg\""], \""country_code\"": \""US\"", \""api_version\"": 14}""
  }
]"
"[
  {
    ""key"": ""unmatched_item_info"",
    ""value"": ""[]""
  },
  {
    ""key"": ""embedding_matching_df"",
    ""value"": ""{\""A&H OXI W/ODOR BL\"": {\""Nature Valley Sweet & Salty Nut Cashew Granola Bars (1.2 oz x 6 ct)\"": 0.2226091306906628, \""White Onion (each)\"": 0.2831694574305973, \""Arm & Hammer Oxiclean Odor Blasters Fresh Burst Laundry Detergent (100.5 oz)\"": 0.5795772568099447, \""Hy-Vee Angus Reserve Beef Ribeye Steak (each)\"": 0.22157093566294514, \""Gatorade Thirst Quencher Glacier Cherry Sports Drink Bottles (20 oz x 8 ct)\"": 0.27188604966341656, \""Hy-Vee Hoagie Buns (6 ct)\"": 0.22928013340980335, \""Tone's Italian Seasoning (0.25 oz)\"": 0.26303816195259144, \""Scotch-Brite Non-Scratch Scrub Sponges (3 ct)\"": 0.3384226146725158, \""Kraft Cheez Whiz Original Cheese Dip (15 oz)\"": 0.23647303340819484, \""Arm & Hammer Peroxicare Deep Clean Toothpaste (6 oz)\"": 0.3948906505196977, \""Dawn Original Scent Ultra Dishwashing Liquid (18 oz)\"": 0.40169905725087734, \""Bag Fee\"": 0.0, \""Bottle Deposit aka CRV\"": 0.0, \""Unknown Item\"": 0.269293886057327}, \""DAWN ORIGINAL\"": {\""Nature Valley Sweet & Salty Nut Cashew Granola Bars (1.2 oz x 6 ct)\"": 0.21250166068776088, \""White Onion (each)\"": 0.22225141754418046, \""Arm & Hammer Oxiclean Odor Blasters Fresh Burst Laundry Detergent (100.5 oz)\"": 0.3175355555030887, \""Hy-Vee Angus Reserve Beef Ribeye Steak (each)\"": 0.12936354074326545, \""Gatorade Thirst Quencher Glacier Cherry Sports Drink Bottles (20 oz x 8 ct)\"": 0.2133092071056544, \""Hy-Vee Hoagie Buns (6 ct)\"": 0.13034968101706176, \""Tone's Italian Seasoning (0.25 oz)\"": 0.19989640290008837, \""Scotch-Brite Non-Scratch Scrub Sponges (3 ct)\"": 0.22415254775258608, \""Kraft Cheez Whiz Original Cheese Dip (15 oz)\"": 0.22950509140160907, \""Arm & Hammer Peroxicare Deep Clean Toothpaste (6 oz)\"": 0.2681049750863598, \""Dawn Original Scent Ultra Dishwashing Liquid (18 oz)\"": 0.5812184181469023, \""Bag Fee\"": 0.0, \""Bottle Deposit aka CRV\"": 0.0, \""Unknown Item\"": 0.2604852060869507}, \""SB NON SCRATCH SC\"": {\""Nature Valley Sweet & Salty Nut Cashew Granola Bars (1.2 oz x 6 ct)\"": 0.17515148498929164, \""White Onion (each)\"": 0.14699602723682065, \""Arm & Hammer Oxiclean Odor Blasters Fresh Burst Laundry Detergent (100.5 oz)\"": 0.20896486813162882, \""Hy-Vee Angus Reserve Beef Ribeye Steak (each)\"": 0.1333368345510576, \""Gatorade Thirst Quencher Glacier Cherry Sports Drink Bottles (20 oz x 8 ct)\"": 0.155104037938116, \""Hy-Vee Hoagie Buns (6 ct)\"": 0.16807584684856033, \""Tone's Italian Seasoning (0.25 oz)\"": 0.12019244190679805, \""Scotch-Brite Non-Scratch Scrub Sponges (3 ct)\"": 0.4036556321116096, \""Kraft Cheez Whiz Original Cheese Dip (15 oz)\"": 0.15247157238614206, \""Arm & Hammer Peroxicare Deep Clean Toothpaste (6 oz)\"": 0.22059485397431303, \""Dawn Original Scent Ultra Dishwashing Liquid (18 oz)\"": 0.2159556528577458, \""Bag Fee\"": 0.0, \""Bottle Deposit aka CRV\"": 0.0, \""Unknown Item\"": 0.26821464321163263}, \""A&H PEROXICARE DE\"": {\""Nature Valley Sweet & Salty Nut Cashew Granola Bars (1.2 oz x 6 ct)\"": 0.1912747325435622, \""White Onion (each)\"": 0.18928879549598027, \""Arm & Hammer Oxiclean Odor Blasters Fresh Burst Laundry Detergent (100.5 oz)\"": 0.36388743738992063, \""Hy-Vee Angus Reserve Beef Ribeye Steak (each)\"": 0.18560744149846115, \""Gatorade Thirst Quencher Glacier Cherry Sports Drink Bottles (20 oz x 8 ct)\"": 0.2270682879615495, \""Hy-Vee Hoagie Buns (6 ct)\"": 0.1562704472739016, \""Tone's Italian Seasoning (0.25 oz)\"": 0.1876324703279726, \""Scotch-Brite Non-Scratch Scrub Sponges (3 ct)\"": 0.2450719591129898, \""Kraft Cheez Whiz Original Cheese Dip (15 oz)\"": 0.15069514220048275, \""Arm & Hammer Peroxicare Deep Clean Toothpaste (6 oz)\"": 0.4785372842221477, \""Dawn Original Scent Ultra Dishwashing Liquid (18 oz)\"": 0.2924472447245554, \""Bag Fee\"": 0.0, \""Bottle Deposit aka CRV\"": 0.0, \""Unknown Item\"": 0.18266035443102352}, \""GATORADE FROST GL\"": {\""Nature Valley Sweet & Salty Nut Cashew Granola Bars (1.2 oz x 6 ct)\"": 0.26980642417629497, \""White Onion (each)\"": 0.19510142071177675, \""Arm & Hammer Oxiclean Odor Blasters Fresh Burst Laundry Detergent (100.5 oz)\"": 0.2912878288414513, \""Hy-Vee Angus Reserve Beef Ribeye Steak (each)\"": 0.18243793118701992, \""Gatorade Thirst Quencher Glacier Cherry Sports Drink Bottles (20 oz x 8 ct)\"": 0.5934912510538122, \""Hy-Vee Hoagie Buns (6 ct)\"": 0.20292979013449644, \""Tone's Italian Seasoning (0.25 oz)\"": 0.18054618738689673, \""Scotch-Brite Non-Scratch Scrub Sponges (3 ct)\"": 0.19508941734314977, \""Kraft Cheez Whiz Original Cheese Dip (15 oz)\"": 0.2641122001493396, \""Arm & Hammer Peroxicare Deep Clean Toothpaste (6 oz)\"": 0.27180997118734535, \""Dawn Original Scent Ultra Dishwashing Liquid (18 oz)\"": 0.26488528623946345, \""Bag Fee\"": 0.0, \""Bottle Deposit aka CRV\"": 0.0, \""Unknown Item\"": 0.20565077067884152}, \""KRAFT ORIG CHZ WH\"": {\""Nature Valley Sweet & Salty Nut Cashew Granola Bars (1.2 oz x 6 ct)\"": 0.2985020276451963, \""White Onion (each)\"": 0.2913590637416828, \""Arm & Hammer Oxiclean Odor Blasters Fresh Burst Laundry Detergent (100.5 oz)\"": 0.24200159256614398, \""Hy-Vee Angus Reserve Beef Ribeye Steak (each)\"": 0.2392976579467484, \""Gatorade Thirst Quencher Glacier Cherry Sports Drink Bottles (20 oz x 8 ct)\"": 0.27526082276168995, \""Hy-Vee Hoagie Buns (6 ct)\"": 0.2633741389155773, \""Tone's Italian Seasoning (0.25 oz)\"": 0.2691255672108467, \""Scotch-Brite Non-Scratch Scrub Sponges (3 ct)\"": 0.233188458817234, \""Kraft Cheez Whiz Original Cheese Dip (15 oz)\"": 0.6036480760986784, \""Arm & Hammer Peroxicare Deep Clean Toothpaste (6 oz)\"": 0.23278821815639938, \""Dawn Original Scent Ultra Dishwashing Liquid (18 oz)\"": 0.26558393511173234, \""Bag Fee\"": 0.0, \""Bottle Deposit aka CRV\"": 0.0, \""Unknown Item\"": 0.2100228535944991}, \""NV SWT&SALTY CASH\"": {\""Nature Valley Sweet & Salty Nut Cashew Granola Bars (1.2 oz x 6 ct)\"": 0.3407670373708607, \""White Onion (each)\"": 0.20451363147997526, \""Arm & Hammer Oxiclean Odor Blasters Fresh Burst Laundry Detergent (100.5 oz)\"": 0.17059741451711066, \""Hy-Vee Angus Reserve Beef Ribeye Steak (each)\"": 0.15153722798574507, \""Gatorade Thirst Quencher Glacier Cherry Sports Drink Bottles (20 oz x 8 ct)\"": 0.18633820047058328, \""Hy-Vee Hoagie Buns (6 ct)\"": 0.1394791952531001, \""Tone's Italian Seasoning (0.25 oz)\"": 0.15430033625939216, \""Scotch-Brite Non-Scratch Scrub Sponges (3 ct)\"": 0.1847833064978381, \""Kraft Cheez Whiz Original Cheese Dip (15 oz)\"": 0.1642671942650161, \""Arm & Hammer Peroxicare Deep Clean Toothpaste (6 oz)\"": 0.13770755304476912, \""Dawn Original Scent Ultra Dishwashing Liquid (18 oz)\"": 0.18020805920151056, \""Bag Fee\"": 0.0, \""Bottle Deposit aka CRV\"": 0.0, \""Unknown Item\"": 0.23812478697482947}, \""HYV BEEF RIBEYE S\"": {\""Nature Valley Sweet & Salty Nut Cashew Granola Bars (1.2 oz x 6 ct)\"": 0.19094486053428972, \""White Onion (each)\"": 0.2929096495418028, \""Arm & Hammer Oxiclean Odor Blasters Fresh Burst Laundry Detergent (100.5 oz)\"": 0.1762927309778348, \""Hy-Vee Angus Reserve Beef Ribeye Steak (each)\"": 0.6070322262830783, \""Gatorade Thirst Quencher Glacier Cherry Sports Drink Bottles (20 oz x 8 ct)\"": 0.15412523721066324, \""Hy-Vee Hoagie Buns (6 ct)\"": 0.37043658283181075, \""Tone's Italian Seasoning (0.25 oz)\"": 0.23490659165341288, \""Scotch-Brite Non-Scratch Scrub Sponges (3 ct)\"": 0.16270952169855557, \""Kraft Cheez Whiz Original Cheese Dip (15 oz)\"": 0.25804654445530756, \""Arm & Hammer Peroxicare Deep Clean Toothpaste (6 oz)\"": 0.18048702918308307, \""Dawn Original Scent Ultra Dishwashing Liquid (18 oz)\"": 0.14433029561888353, \""Bag Fee\"": 0.0, \""Bottle Deposit aka CRV\"": 0.0, \""Unknown Item\"": 0.19552509228323645}, \""HOAGIE BUN\"": {\""Nature Valley Sweet & Salty Nut Cashew Granola Bars (1.2 oz x 6 ct)\"": 0.24617323659418322, \""White Onion (each)\"": 0.3173995633393823, \""Arm & Hammer Oxiclean Odor Blasters Fresh Burst Laundry Detergent (100.5 oz)\"": 0.1804983709693074, \""Hy-Vee Angus Reserve Beef Ribeye Steak (each)\"": 0.2590073556476031, \""Gatorade Thirst Quencher Glacier Cherry Sports Drink Bottles (20 oz x 8 ct)\"": 0.14113025365481796, \""Hy-Vee Hoagie Buns (6 ct)\"": 0.6047394173537315, \""Tone's Italian Seasoning (0.25 oz)\"": 0.28086320420248195, \""Scotch-Brite Non-Scratch Scrub Sponges (3 ct)\"": 0.18147576174995128, \""Kraft Cheez Whiz Original Cheese Dip (15 oz)\"": 0.26562014756617647, \""Arm & Hammer Peroxicare Deep Clean Toothpaste (6 oz)\"": 0.16657042655807236, \""Dawn Original Scent Ultra Dishwashing Liquid (18 oz)\"": 0.150261935076907, \""Bag Fee\"": 0.0, \""Bottle Deposit aka CRV\"": 0.0, \""Unknown Item\"": 0.193462685603232}, \""TONES ITALIAN SEA\"": {\""Nature Valley Sweet & Salty Nut Cashew Granola Bars (1.2 oz x 6 ct)\"": 0.13435182038329774, \""White Onion (each)\"": 0.22746206778323935, \""Arm & Hammer Oxiclean Odor Blasters Fresh Burst Laundry Detergent (100.5 oz)\"": 0.16341143343756132, \""Hy-Vee Angus Reserve Beef Ribeye Steak (each)\"": 0.16413998048161627, \""Gatorade Thirst Quencher Glacier Cherry Sports Drink Bottles (20 oz x 8 ct)\"": 0.14762484299352702, \""Hy-Vee Hoagie Buns (6 ct)\"": 0.1458396325216657, \""Tone's Italian Seasoning (0.25 oz)\"": 0.4860624505818443, \""Scotch-Brite Non-Scratch Scrub Sponges (3 ct)\"": 0.16782583013343763, \""Kraft Cheez Whiz Original Cheese Dip (15 oz)\"": 0.15947929602406538, \""Arm & Hammer Peroxicare Deep Clean Toothpaste (6 oz)\"": 0.1603529438763502, \""Dawn Original Scent Ultra Dishwashing Liquid (18 oz)\"": 0.18887716077662234, \""Bag Fee\"": 0.0, \""Bottle Deposit aka CRV\"": 0.0, \""Unknown Item\"": 0.1837671709006297}, \""WHITE ONIONS\"": {\""Nature Valley Sweet & Salty Nut Cashew Granola Bars (1.2 oz x 6 ct)\"": 0.16780737685372554, \""White Onion (each)\"": 0.6306825136658077, \""Arm & Hammer Oxiclean Odor Blasters Fresh Burst Laundry Detergent (100.5 oz)\"": 0.2059729687107544, \""Hy-Vee Angus Reserve Beef Ribeye Steak (each)\"": 0.19707667068979384, \""Gatorade Thirst Quencher Glacier Cherry Sports Drink Bottles (20 oz x 8 ct)\"": 0.17636266767700748, \""Hy-Vee Hoagie Buns (6 ct)\"": 0.2539997431590759, \""Tone's Italian Seasoning (0.25 oz)\"": 0.28780671403600105, \""Scotch-Brite Non-Scratch Scrub Sponges (3 ct)\"": 0.1920124508183994, \""Kraft Cheez Whiz Original Cheese Dip (15 oz)\"": 0.2765885560458348, \""Arm & Hammer Peroxicare Deep Clean Toothpaste (6 oz)\"": 0.16826009179850954, \""Dawn Original Scent Ultra Dishwashing Liquid (18 oz)\"": 0.19056436523140333, \""Bag Fee\"": 0.0, \""Bottle Deposit aka CRV\"": 0.0, \""Unknown Item\"": 0.22511268030073517}, \""Unknown Item\"": {\""Nature Valley Sweet & Salty Nut Cashew Granola Bars (1.2 oz x 6 ct)\"": 0.16091208562564935, \""White Onion (each)\"": 0.2564614131847656, \""Arm & Hammer Oxiclean Odor Blasters Fresh Burst Laundry Detergent (100.5 oz)\"": 0.22478031856457442, \""Hy-Vee Angus Reserve Beef Ribeye Steak (each)\"": 0.19879037130700722, \""Gatorade Thirst Quencher Glacier Cherry Sports Drink Bottles (20 oz x 8 ct)\"": 0.16048252131028048, \""Hy-Vee Hoagie Buns (6 ct)\"": 0.1461932504712632, \""Tone's Italian Seasoning (0.25 oz)\"": 0.18611546567123616, \""Scotch-Brite Non-Scratch Scrub Sponges (3 ct)\"": 0.1694995582101936, \""Kraft Cheez Whiz Original Cheese Dip (15 oz)\"": 0.17674730847417897, \""Arm & Hammer Peroxicare Deep Clean Toothpaste (6 oz)\"": 0.1786998345094204, \""Dawn Original Scent Ultra Dishwashing Liquid (18 oz)\"": 0.17373730167540205, \""Bag Fee\"": 0.30064347019427035, \""Bottle Deposit aka CRV\"": 0.21784787029803346, \""Unknown Item\"": 0.9990001795481928}}""
  },
  {
    ""key"": ""total_amount"",
    ""value"": ""{\""money\"": {\""unit_amount\"": 5944, \""currency\"": \""USD\"", \""display_string\"": \""None59.44\"", \""decimal_places\"": 2, \""sign\"": null, \""symbol\"": null}, \""confidence_score\"": 1.0}""
  },
  {
    ""key"": ""discount_amount"",
    ""value"": ""{\""money\"": {\""unit_amount\"": 0, \""currency\"": \""USD\"", \""display_string\"": \""None0.00\"", \""decimal_places\"": 2, \""sign\"": null, \""symbol\"": null}, \""confidence_score\"": 1.0}""
  },
  {
    ""key"": ""business_id"",
    ""value"": ""601693""
  },
  {
    ""key"": ""subtotal_amount"",
    ""value"": ""{\""money\"": {\""unit_amount\"": 5944, \""currency\"": \""USD\"", \""display_string\"": \""None59.44\"", \""decimal_places\"": 2, \""sign\"": null, \""symbol\"": null}, \""confidence_score\"": 1.0}""
  },
  {
    ""key"": ""tax_confidence_score"",
    ""value"": ""1.0""
  },
  {
    ""key"": ""matched_item_info"",
    ""value"": ""[{\""merchant_supplied_id\"": \""3774863\"", \""display_name\"": \""Arm & Hammer Oxiclean Odor Blasters Fresh Burst Laundry Detergent (100.5 oz)\"", \""ocr_description\"": \""A&H OXI W/ODOR BL\"", \""quantity\"": {\""value\"": 1.0}, \""price_per_unit\"": {\""unit_amount\"": 948, \""currency\"": \""USD\"", \""display_string\"": \""None9.48\"", \""decimal_places\"": 2, \""sign\"": null, \""symbol\"": null}, \""item_price\"": {\""unit_amount\"": 948, \""currency\"": \""USD\"", \""display_string\"": \""None9.48\"", \""decimal_places\"": 2, \""sign\"": null, \""symbol\"": null}, \""non_discount_price_per_unit\"": {\""unit_amount\"": 0, \""currency\"": \""USD\"", \""display_string\"": \""None0.00\"", \""decimal_places\"": 2, \""sign\"": null, \""symbol\"": null}, \""non_discount_item_price\"": {\""unit_amount\"": 0, \""currency\"": \""USD\"", \""display_string\"": \""None0.00\"", \""decimal_places\"": 2, \""sign\"": null, \""symbol\"": null}, \""sold_by_weight\"": false, \""confidence_score\"": 1.0}, {\""merchant_supplied_id\"": \""3681799\"", \""display_name\"": \""Dawn Original Scent Ultra Dishwashing Liquid (18 oz)\"", \""ocr_description\"": \""DAWN ORIGINAL\"", \""quantity\"": {\""value\"": 1.0}, \""price_per_unit\"": {\""unit_amount\"": 299, \""currency\"": \""USD\"", \""display_string\"": \""None2.99\"", \""decimal_places\"": 2, \""sign\"": null, \""symbol\"": null}, \""item_price\"": {\""unit_amount\"": 299, \""currency\"": \""USD\"", \""display_string\"": \""None2.99\"", \""decimal_places\"": 2, \""sign\"": null, \""symbol\"": null}, \""non_discount_price_per_unit\"": {\""unit_amount\"": 0, \""currency\"": \""USD\"", \""display_string\"": \""None0.00\"", \""decimal_places\"": 2, \""sign\"": null, \""symbol\"": null}, \""non_discount_item_price\"": {\""unit_amount\"": 0, \""currency\"": \""USD\"", \""display_string\"": \""None0.00\"", \""decimal_places\"": 2, \""sign\"": null, \""symbol\"": null}, \""sold_by_weight\"": false, \""confidence_score\"": 1.0}, {\""merchant_supplied_id\"": \""42306\"", \""display_name\"": \""Scotch-Brite Non-Scratch Scrub Sponges (3 ct)\"", \""ocr_description\"": \""SB NON SCRATCH SC\"", \""quantity\"": {\""value\"": 1.0}, \""price_per_unit\"": {\""unit_amount\"": 399, \""currency\"": \""USD\"", \""display_string\"": \""None3.99\"", \""decimal_places\"": 2, \""sign\"": null, \""symbol\"": null}, \""item_price\"": {\""unit_amount\"": 399, \""currency\"": \""USD\"", \""display_string\"": \""None3.99\"", \""decimal_places\"": 2, \""sign\"": null, \""symbol\"": null}, \""non_discount_price_per_unit\"": {\""unit_amount\"": 0, \""currency\"": \""USD\"", \""display_string\"": \""None0.00\"", \""decimal_places\"": 2, \""sign\"": null, \""symbol\"": null}, \""non_discount_item_price\"": {\""unit_amount\"": 0, \""currency\"": \""USD\"", \""display_string\"": \""None0.00\"", \""decimal_places\"": 2, \""sign\"": null, \""symbol\"": null}, \""sold_by_weight\"": false, \""confidence_score\"": 1.0}, {\""merchant_supplied_id\"": \""10598\"", \""display_name\"": \""Arm & Hammer Peroxicare Deep Clean Toothpaste (6 oz)\"", \""ocr_description\"": \""A&H PEROXICARE DE\"", \""quantity\"": {\""value\"": 1.0}, \""price_per_unit\"": {\""unit_amount\"": 549, \""currency\"": \""USD\"", \""display_string\"": \""None5.49\"", \""decimal_places\"": 2, \""sign\"": null, \""symbol\"": null}, \""item_price\"": {\""unit_amount\"": 549, \""currency\"": \""USD\"", \""display_string\"": \""None5.49\"", \""decimal_places\"": 2, \""sign\"": null, \""symbol\"": null}, \""non_discount_price_per_unit\"": {\""unit_amount\"": 0, \""currency\"": \""USD\"", \""display_string\"": \""None0.00\"", \""decimal_places\"": 2, \""sign\"": null, \""symbol\"": null}, \""non_discount_item_price\"": {\""unit_amount\"": 0, \""currency\"": \""USD\"", \""display_string\"": \""None0.00\"", \""decimal_places\"": 2, \""sign\"": null, \""symbol\"": null}, \""sold_by_weight\"": false, \""confidence_score\"": 1.0}, {\""merchant_supplied_id\"": \""130988\"", \""display_name\"": \""Gatorade Thirst Quencher Glacier Cherry Sports Drink Bottles (20 oz x 8 ct)\"", \""ocr_description\"": \""GATORADE FROST GL\"", \""quantity\"": {\""value\"": 1.0}, \""price_per_unit\"": {\""unit_amount\"": 798, \""currency\"": \""USD\"", \""display_string\"": \""None7.98\"", \""decimal_places\"": 2, \""sign\"": null, \""symbol\"": null}, \""item_price\"": {\""unit_amount\"": 798, \""currency\"": \""USD\"", \""display_string\"": \""None7.98\"", \""decimal_places\"": 2, \""sign\"": null, \""symbol\"": null}, \""non_discount_price_per_unit\"": {\""unit_amount\"": 0, \""currency\"": \""USD\"", \""display_string\"": \""None0.00\"", \""decimal_places\"": 2, \""sign\"": null, \""symbol\"": null}, \""non_discount_item_price\"": {\""unit_amount\"": 0, \""currency\"": \""USD\"", \""display_string\"": \""None0.00\"", \""decimal_places\"": 2, \""sign\"": null, \""symbol\"": null}, \""sold_by_weight\"": false, \""confidence_score\"": 1.0}, {\""merchant_supplied_id\"": \""41877\"", \""display_name\"": \""Kraft Cheez Whiz Original Cheese Dip (15 oz)\"", \""ocr_description\"": \""KRAFT ORIG CHZ WH\"", \""quantity\"": {\""value\"": 1.0}, \""price_per_unit\"": {\""unit_amount\"": 599, \""currency\"": \""USD\"", \""display_string\"": \""None5.99\"", \""decimal_places\"": 2, \""sign\"": null, \""symbol\"": null}, \""item_price\"": {\""unit_amount\"": 599, \""currency\"": \""USD\"", \""display_string\"": \""None5.99\"", \""decimal_places\"": 2, \""sign\"": null, \""symbol\"": null}, \""non_discount_price_per_unit\"": {\""unit_amount\"": 0, \""currency\"": \""USD\"", \""display_string\"": \""None0.00\"", \""decimal_places\"": 2, \""sign\"": null, \""symbol\"": null}, \""non_discount_item_price\"": {\""unit_amount\"": 0, \""currency\"": \""USD\"", \""display_string\"": \""None0.00\"", \""decimal_places\"": 2, \""sign\"": null, \""symbol\"": null}, \""sold_by_weight\"": false, \""confidence_score\"": 1.0}, {\""merchant_supplied_id\"": \""4168\"", \""display_name\"": \""Nature Valley Sweet & Salty Nut Cashew Granola Bars (1.2 oz x 6 ct)\"", \""ocr_description\"": \""NV SWT&SALTY CASH\"", \""quantity\"": {\""value\"": 1.0}, \""price_per_unit\"": {\""unit_amount\"": 342, \""currency\"": \""USD\"", \""display_string\"": \""None3.42\"", \""decimal_places\"": 2, \""sign\"": null, \""symbol\"": null}, \""item_price\"": {\""unit_amount\"": 342, \""currency\"": \""USD\"", \""display_string\"": \""None3.42\"", \""decimal_places\"": 2, \""sign\"": null, \""symbol\"": null}, \""non_discount_price_per_unit\"": {\""unit_amount\"": 0, \""currency\"": \""USD\"", \""display_string\"": \""None0.00\"", \""decimal_places\"": 2, \""sign\"": null, \""symbol\"": null}, \""non_discount_item_price\"": {\""unit_amount\"": 0, \""currency\"": \""USD\"", \""display_string\"": \""None0.00\"", \""decimal_places\"": 2, \""sign\"": null, \""symbol\"": null}, \""sold_by_weight\"": false, \""confidence_score\"": 1.0}, {\""merchant_supplied_id\"": \""292701\"", \""display_name\"": \""Hy-Vee Angus Reserve Beef Ribeye Steak (each)\"", \""ocr_description\"": \""HYV BEEF RIBEYE S\"", \""quantity\"": {\""value\"": 0.68}, \""price_per_unit\"": {\""unit_amount\"": 1899, \""currency\"": \""USD\"", \""display_string\"": \""None18.99\"", \""decimal_places\"": 2, \""sign\"": null, \""symbol\"": null}, \""item_price\"": {\""unit_amount\"": 1291, \""currency\"": \""USD\"", \""display_string\"": \""None12.91\"", \""decimal_places\"": 2, \""sign\"": null, \""symbol\"": null}, \""non_discount_price_per_unit\"": {\""unit_amount\"": 0, \""currency\"": \""USD\"", \""display_string\"": \""None0.00\"", \""decimal_places\"": 2, \""sign\"": null, \""symbol\"": null}, \""non_discount_item_price\"": {\""unit_amount\"": 0, \""currency\"": \""USD\"", \""display_string\"": \""None0.00\"", \""decimal_places\"": 2, \""sign\"": null, \""symbol\"": null}, \""sold_by_weight\"": true, \""confidence_score\"": 1.0}, {\""merchant_supplied_id\"": \""72636\"", \""display_name\"": \""Hy-Vee Hoagie Buns (6 ct)\"", \""ocr_description\"": \""HOAGIE BUN\"", \""quantity\"": {\""value\"": 1.0}, \""price_per_unit\"": {\""unit_amount\"": 399, \""currency\"": \""USD\"", \""display_string\"": \""None3.99\"", \""decimal_places\"": 2, \""sign\"": null, \""symbol\"": null}, \""item_price\"": {\""unit_amount\"": 399, \""currency\"": \""USD\"", \""display_string\"": \""None3.99\"", \""decimal_places\"": 2, \""sign\"": null, \""symbol\"": null}, \""non_discount_price_per_unit\"": {\""unit_amount\"": 0, \""currency\"": \""USD\"", \""display_string\"": \""None0.00\"", \""decimal_places\"": 2, \""sign\"": null, \""symbol\"": null}, \""non_discount_item_price\"": {\""unit_amount\"": 0, \""currency\"": \""USD\"", \""display_string\"": \""None0.00\"", \""decimal_places\"": 2, \""sign\"": null, \""symbol\"": null}, \""sold_by_weight\"": false, \""confidence_score\"": 1.0}, {\""merchant_supplied_id\"": \""47576\"", \""display_name\"": \""Tone's Italian Seasoning (0.25 oz)\"", \""ocr_description\"": \""TONES ITALIAN SEA\"", \""quantity\"": {\""value\"": 1.0}, \""price_per_unit\"": {\""unit_amount\"": 199, \""currency\"": \""USD\"", \""display_string\"": \""None1.99\"", \""decimal_places\"": 2, \""sign\"": null, \""symbol\"": null}, \""item_price\"": {\""unit_amount\"": 199, \""currency\"": \""USD\"", \""display_string\"": \""None1.99\"", \""decimal_places\"": 2, \""sign\"": null, \""symbol\"": null}, \""non_discount_price_per_unit\"": {\""unit_amount\"": 0, \""currency\"": \""USD\"", \""display_string\"": \""None0.00\"", \""decimal_places\"": 2, \""sign\"": null, \""symbol\"": null}, \""non_discount_item_price\"": {\""unit_amount\"": 0, \""currency\"": \""USD\"", \""display_string\"": \""None0.00\"", \""decimal_places\"": 2, \""sign\"": null, \""symbol\"": null}, \""sold_by_weight\"": false, \""confidence_score\"": 1.0}, {\""merchant_supplied_id\"": \""37368\"", \""display_name\"": \""White Onion (each)\"", \""ocr_description\"": \""WHITE ONIONS\"", \""quantity\"": {\""value\"": 0.61}, \""price_per_unit\"": {\""unit_amount\"": 198, \""currency\"": \""USD\"", \""display_string\"": \""None1.98\"", \""decimal_places\"": 2, \""sign\"": null, \""symbol\"": null}, \""item_price\"": {\""unit_amount\"": 121, \""currency\"": \""USD\"", \""display_string\"": \""None1.21\"", \""decimal_places\"": 2, \""sign\"": null, \""symbol\"": null}, \""non_discount_price_per_unit\"": {\""unit_amount\"": 0, \""currency\"": \""USD\"", \""display_string\"": \""None0.00\"", \""decimal_places\"": 2, \""sign\"": null, \""symbol\"": null}, \""non_discount_item_price\"": {\""unit_amount\"": 0, \""currency\"": \""USD\"", \""display_string\"": \""None0.00\"", \""decimal_places\"": 2, \""sign\"": null, \""symbol\"": null}, \""sold_by_weight\"": true, \""confidence_score\"": 1.0}]""
  },
  {
    ""key"": ""bag_fee_info"",
    ""value"": ""{\""quantity\"": {\""value\"": 0}, \""price_per_unit\"": {\""unit_amount\"": 0, \""currency\"": \""USD\"", \""display_string\"": \""None0.00\"", \""decimal_places\"": 2, \""sign\"": null, \""symbol\"": null}, \""item_price\"": {\""unit_amount\"": 0, \""currency\"": \""USD\"", \""display_string\"": \""None0.00\"", \""decimal_places\"": 2, \""sign\"": null, \""symbol\"": null}, \""confidence_score\"": 1.0}""
  },
  {
    ""key"": ""blink_items_df"",
    ""value"": ""{\""ocr_description\"": {\""0\"": \""A&H OXI W/ODOR BL\"", \""1\"": \""DAWN ORIGINAL\"", \""2\"": \""SB NON SCRATCH SC\"", \""3\"": \""A&H PEROXICARE DE\"", \""4\"": \""GATORADE FROST GL\"", \""5\"": \""KRAFT ORIG CHZ WH\"", \""6\"": \""NV SWT&SALTY CASH\"", \""7\"": \""HYV BEEF RIBEYE S\"", \""8\"": \""HOAGIE BUN\"", \""9\"": \""TONES ITALIAN SEA\"", \""10\"": \""WHITE ONIONS\"", \""11\"": \""discount_cents\"", \""12\"": \""subtotal_cents\"", \""13\"": \""total_tax_cents\"", \""14\"": \""total_cents\""}, \""quantity\"": {\""0\"": 1.0, \""1\"": 1.0, \""2\"": 1.0, \""3\"": 1.0, \""4\"": 1.0, \""5\"": 1.0, \""6\"": 1.0, \""7\"": 0.68, \""8\"": 1.0, \""9\"": 1.0, \""10\"": 0.61, \""11\"": NaN, \""12\"": NaN, \""13\"": NaN, \""14\"": NaN}, \""price_per_unit_cents\"": {\""0\"": 948.0, \""1\"": 299.0, \""2\"": 399.0, \""3\"": 549.0, \""4\"": 798.0, \""5\"": 599.0, \""6\"": 342.0, \""7\"": 1899.0, \""8\"": 399.0, \""9\"": 199.0, \""10\"": 198.0, \""11\"": NaN, \""12\"": NaN, \""13\"": NaN, \""14\"": NaN}, \""item_price_cents\"": {\""0\"": 948, \""1\"": 299, \""2\"": 399, \""3\"": 549, \""4\"": 798, \""5\"": 599, \""6\"": 342, \""7\"": 1291, \""8\"": 399, \""9\"": 199, \""10\"": 121, \""11\"": 0, \""12\"": 5944, \""13\"": 0, \""14\"": 5944}}""
  },
  {
    ""key"": ""input_swipe_amount"",
    ""value"": ""5944""
  },
  {
    ""key"": ""is_legible"",
    ""value"": ""true""
  },
  {
    ""key"": ""input_item_info"",
    ""value"": ""[{\""merchant_supplied_id\"": \""4168\"", \""display_name\"": \""Nature Valley Sweet & Salty Nut Cashew Granola Bars (1.2 oz x 6 ct)\"", \""scanned_barcode\"": null}, {\""merchant_supplied_id\"": \""37368\"", \""display_name\"": \""White Onion (each)\"", \""scanned_barcode\"": null}, {\""merchant_supplied_id\"": \""3774863\"", \""display_name\"": \""Arm & Hammer Oxiclean Odor Blasters Fresh Burst Laundry Detergent (100.5 oz)\"", \""scanned_barcode\"": null}, {\""merchant_supplied_id\"": \""292701\"", \""display_name\"": \""Hy-Vee Angus Reserve Beef Ribeye Steak (each)\"", \""scanned_barcode\"": null}, {\""merchant_supplied_id\"": \""130988\"", \""display_name\"": \""Gatorade Thirst Quencher Glacier Cherry Sports Drink Bottles (20 oz x 8 ct)\"", \""scanned_barcode\"": null}, {\""merchant_supplied_id\"": \""72636\"", \""display_name\"": \""Hy-Vee Hoagie Buns (6 ct)\"", \""scanned_barcode\"": null}, {\""merchant_supplied_id\"": \""47576\"", \""display_name\"": \""Tone's Italian Seasoning (0.25 oz)\"", \""scanned_barcode\"": null}, {\""merchant_supplied_id\"": \""42306\"", \""display_name\"": \""Scotch-Brite Non-Scratch Scrub Sponges (3 ct)\"", \""scanned_barcode\"": null}, {\""merchant_supplied_id\"": \""41877\"", \""display_name\"": \""Kraft Cheez Whiz Original Cheese Dip (15 oz)\"", \""scanned_barcode\"": null}, {\""merchant_supplied_id\"": \""10598\"", \""display_name\"": \""Arm & Hammer Peroxicare Deep Clean Toothpaste (6 oz)\"", \""scanned_barcode\"": null}, {\""merchant_supplied_id\"": \""3681799\"", \""display_name\"": \""Dawn Original Scent Ultra Dishwashing Liquid (18 oz)\"", \""scanned_barcode\"": null}]""
  },
  {
    ""key"": ""url"",
    ""value"": ""\""https://img.cdn4dd.com/cdn-cgi/image/format=auto/https://doordash-static.s3.amazonaws.com/media/photosV2/291b766e-3fd5-4bc3-b0e9-36c2a6cb4c8f-retina-large.jpeg\""""
  },
  {
    ""key"": ""sanity_checks"",
    ""value"": ""{\""swipe_match\"": true, \""subtotal_match\"": true, \""tax_match\"": true, \""items_length_match\"": true, \""ok_ocr_name_deduping\"": true, \""item_price_reasonableness\"": true, \""weights_look_ok\"": true, \""bag_fee_max_price\"": true, \""bottle_fee_max_price\"": true, \""bag_fee_max_count\"": true, \""bottle_fee_max_count\"": true, \""tax_vs_subtotal_sanity_check\"": true, \""has_no_unknown_items\"": true, \""has_no_missing_items\"": true, \""delivery_discounts_are_nonzero\"": true}""
  },
  {
    ""key"": ""bottle_fee_info"",
    ""value"": ""{\""quantity\"": {\""value\"": 0}, \""price_per_unit\"": {\""unit_amount\"": 0, \""currency\"": \""USD\"", \""display_string\"": \""None0.00\"", \""decimal_places\"": 2, \""sign\"": null, \""symbol\"": null}, \""item_price\"": {\""unit_amount\"": 0, \""currency\"": \""USD\"", \""display_string\"": \""None0.00\"", \""decimal_places\"": 2, \""sign\"": null, \""symbol\"": null}, \""confidence_score\"": 1.0}""
  },
  {
    ""key"": ""delivery_uuid"",
    ""value"": ""\""a6746ce2-bdb5-3001-9008-8e83f598442a\""""
  },
  {
    ""key"": ""missing_item_info"",
    ""value"": ""[]""
  },
  {
    ""key"": ""tax_amount"",
    ""value"": ""{\""money\"": {\""unit_amount\"": 0, \""currency\"": \""USD\"", \""display_string\"": \""None0.00\"", \""decimal_places\"": 2, \""sign\"": null, \""symbol\"": null}, \""confidence_score\"": 1.0}""
  },
  {
    ""key"": ""confidence_score"",
    ""value"": ""1.0""
  },
  {
    ""key"": ""raw_blink_receipt"",
    ""value"": ""{\""banner_id\"": 56, \""barcode\"": \""0011481090924004000112\"", \""channel\"": {\""confidence\"": 100, \""value\"": \""Food\""}, \""date\"": {\""confidence\"": 99.9889907836914, \""value\"": \""09/09/2024\""}, \""isDigital\"": false, \""isFraudulent\"": false, \""is_blurry\"": false, \""is_instacart_shopper\"": false, \""is_receipt\"": true, \""is_screen\"": false, \""item_confidence\"": 99, \""last4cc\"": {\""confidence\"": 99.97509002685547, \""value\"": \""8387\""}, \""merchant_confidence\"": 100, \""merchant_name\"": \""Hy-Vee\"", \""ocr_confidence\"": 99.71333312988281, \""paymentMethods\"": [{\""amount\"": {\""confidence\"": 0, \""value\"": 59.44}, \""cardType\"": {\""confidence\"": 100, \""value\"": \""Mastercard\""}, \""method\"": {\""confidence\"": 99.98701477050781, \""value\"": \""Credit\""}}], \""phones\"": [{\""confidence\"": 99.97579193115234, \""value\"": \""641-673-8663\""}], \""products\"": [{\""line\"": 1006, \""price\"": {\""confidence\"": 99.98916625976562, \""value\"": 9.48}, \""price_postfix\"": \""T\"", \""qty\"": {\""confidence\"": 0, \""value\"": 1}, \""rpn\"": {\""confidence\"": 99.98220825195312, \""value\"": \""3320000262\""}, \""rsd\"": {\""confidence\"": 99.98220825195312, \""original_case_value\"": \""A&H OXI W/ODOR BL\"", \""value\"": \""A&H OXI W/ODOR BL\""}, \""totalPrice\"": {\""confidence\"": 0, \""value\"": 9.48}}, {\""line\"": 1007, \""price\"": {\""confidence\"": 99.99285888671875, \""value\"": 2.99}, \""price_postfix\"": \""T\"", \""qty\"": {\""confidence\"": 0, \""value\"": 1}, \""rpn\"": {\""confidence\"": 99.98744201660156, \""value\"": \""3077209403\""}, \""rsd\"": {\""confidence\"": 99.98977661132812, \""original_case_value\"": \""DAWN ORIGINAL\"", \""value\"": \""DAWN ORIGINAL\""}, \""totalPrice\"": {\""confidence\"": 0, \""value\"": 2.99}}, {\""line\"": 1008, \""price\"": {\""confidence\"": 99.98951721191406, \""value\"": 3.99}, \""price_postfix\"": \""T\"", \""qty\"": {\""confidence\"": 0, \""value\"": 1}, \""rpn\"": {\""confidence\"": 99.99050903320312, \""value\"": \""2120059846\""}, \""rsd\"": {\""confidence\"": 99.99050903320312, \""original_case_value\"": \""SB NON SCRATCH SC\"", \""value\"": \""SB NON SCRATCH SC\""}, \""totalPrice\"": {\""confidence\"": 0, \""value\"": 3.99}}, {\""line\"": 1009, \""price\"": {\""confidence\"": 99.99332427978516, \""value\"": 5.49}, \""price_postfix\"": \""T\"", \""qty\"": {\""confidence\"": 0, \""value\"": 1}, \""rpn\"": {\""confidence\"": 99.98493194580078, \""value\"": \""3320018770\""}, \""rsd\"": {\""confidence\"": 99.98493194580078, \""original_case_value\"": \""A&H PEROXICARE DE\"", \""value\"": \""A&H PEROXICARE DE\""}, \""totalPrice\"": {\""confidence\"": 0, \""value\"": 5.49}}, {\""line\"": 1010, \""price\"": {\""confidence\"": 99.99219512939453, \""value\"": 7.98}, \""price_postfix\"": \""TF\"", \""qty\"": {\""confidence\"": 0, \""value\"": 1}, \""rpn\"": {\""confidence\"": 99.98934936523438, \""value\"": \""5200010245\""}, \""rsd\"": {\""confidence\"": 99.98934936523438, \""original_case_value\"": \""GATORADE FROST GL\"", \""value\"": \""GATORADE FROST GL\""}, \""totalPrice\"": {\""confidence\"": 0, \""value\"": 7.98}}, {\""line\"": 1011, \""price\"": {\""confidence\"": 99.99593353271484, \""value\"": 5.99}, \""price_postfix\"": \""F\"", \""qty\"": {\""confidence\"": 0, \""value\"": 1}, \""rpn\"": {\""confidence\"": 99.98690795898438, \""value\"": \""2100062679\""}, \""rsd\"": {\""confidence\"": 99.98690795898438, \""original_case_value\"": \""KRAFT ORIG CHZ WH\"", \""value\"": \""KRAFT ORIG CHZ WH\""}, \""totalPrice\"": {\""confidence\"": 0, \""value\"": 5.99}}, {\""line\"": 1012, \""price\"": {\""confidence\"": 99.99434661865234, \""value\"": 3.42}, \""price_postfix\"": \""F\"", \""qty\"": {\""confidence\"": 0, \""value\"": 1}, \""rpn\"": {\""confidence\"": 99.985107421875, \""value\"": \""1600016893\""}, \""rsd\"": {\""confidence\"": 99.985107421875, \""original_case_value\"": \""NV SWT&SALTY CASH\"", \""value\"": \""NV SWT&SALTY CASH\""}, \""totalPrice\"": {\""confidence\"": 0, \""value\"": 3.42}}, {\""infoLines\"": [{\""line\"": 1014, \""text\"": {\""confidence\"": 100, \""value\"": \""0.680 LB @ 18.99 USD/LB\""}, \""type\"": {\""confidence\"": 100, \""value\"": \""Weight\""}}], \""line\"": 1013, \""price\"": {\""confidence\"": 0, \""value\"": 18.99}, \""price_postfix\"": \""F\"", \""qty\"": {\""confidence\"": 0, \""value\"": 0.68}, \""rpn\"": {\""confidence\"": 100, \""value\"": \""3120700000\""}, \""rsd\"": {\""confidence\"": 99.97515106201172, \""original_case_value\"": \""HYV BEEF RIBEYE S\"", \""value\"": \""HYV BEEF RIBEYE S\""}, \""totalPrice\"": {\""confidence\"": 0, \""value\"": 12.91}, \""uom\"": {\""confidence\"": 0, \""value\"": \""LB\""}}, {\""line\"": 1015, \""price\"": {\""confidence\"": 99.98282623291016, \""value\"": 3.99}, \""price_postfix\"": \""F\"", \""qty\"": {\""confidence\"": 0, \""value\"": 1}, \""rpn\"": {\""confidence\"": 99.9922103881836, \""value\"": \""6011400000\""}, \""rsd\"": {\""confidence\"": 99.98494720458984, \""original_case_value\"": \""HOAGIE BUN\"", \""value\"": \""HOAGIE BUN\""}, \""totalPrice\"": {\""confidence\"": 0, \""value\"": 3.99}}, {\""line\"": 1016, \""price\"": {\""confidence\"": 99.98076629638672, \""value\"": 1.99}, \""price_postfix\"": \""F\"", \""qty\"": {\""confidence\"": 0, \""value\"": 1}, \""rpn\"": {\""confidence\"": 99.98796844482422, \""value\"": \""4135151788\""}, \""rsd\"": {\""confidence\"": 99.98796844482422, \""original_case_value\"": \""TONES ITALIAN SEA\"", \""value\"": \""TONES ITALIAN SEA\""}, \""totalPrice\"": {\""confidence\"": 0, \""value\"": 1.99}}, {\""infoLines\"": [{\""line\"": 1018, \""text\"": {\""confidence\"": 100, \""value\"": \""0.610 LB @ 1.99 USD/LB\""}, \""type\"": {\""confidence\"": 100, \""value\"": \""Weight\""}}], \""line\"": 1017, \""price\"": {\""confidence\"": 0, \""value\"": 1.99}, \""price_postfix\"": \""F\"", \""qty\"": {\""confidence\"": 0, \""value\"": 0.61}, \""rpn\"": {\""confidence\"": 100, \""value\"": \""4663\""}, \""rsd\"": {\""confidence\"": 99.98987579345703, \""original_case_value\"": \""WHITE ONIONS\"", \""value\"": \""WHITE ONIONS\""}, \""totalPrice\"": {\""confidence\"": 0, \""value\"": 1.21}, \""uom\"": {\""confidence\"": 0, \""value\"": \""LB\""}}], \""purchase_type\"": \""In-Store\"", \""raw_basket\"": \""A&H OXI W/ODOR BL 3320000262 9.48 T\\nDAWN ORIGINAL 3077209403 2.99 T\\nSB NON SCRATCH SC 2120059846 3.99 T\\nA&H PEROXICARE DE 3320018770 5.49 T\\nGATORADE FROST GL 5200010245 7.98 TF\\nKRAFT ORIG CHZ WH 2100062679 5.99 F\\nNV SWT&SALTY CASH 1600016893 3.42 F\\nHYV BEEF RIBEYE S 3120700000 12.91 F\\n0.680 LB @ 18.99 USD/LB\\nHOAGIE BUN 6011400000 3.99 F\\nTONES ITALIAN SEA 4135151788 1.99 F\\nWHITE ONIONS 4663 1.21 F\\n0.610 LB @ 1.99 USD/LB\\n\"", \""raw_text_array\"": [\""MP Y E NE\\n110 S D Street\\nOskaloosa, IA 52577\\n641-673-8663\\n1481StoreManagementMail Group@Hy Vee.com\\n\\nA&H OXI W/ODOR BL 3320000262 9.48 T\\nDAWN ORIGINAL 3077209403 2.99 T\\nSB NON SCRATCH SC 2120059846 3.99 T\\nA&H PEROXICARE DE 3320018770 5.49 T\\nGATORADE FROST GL 5200010245 7.98 TF\\nKRAFT ORIG CHZ WH 2100062679 5.99 F\\nNV SWT&SALTY CASH 1600016893 3.42 F\\nHYV BEEF RIBEYE S 3120700000 12.91 F\\n0.680 LB @ 18.99 USD/LB\\nHOAGIE BUN 6011400000 3.99 F\\nTONES ITALIAN SEA 4135151788 1.99 F\\nWHITE ONIONS 4663 1.21 F\\n0.610 LB @ 1.99 USD/LB\\n-----------\\nSUBTOTAL [11] 59.44\\n-----------\\nTOTAL 59.44\\nMastercard 59.44\\n--------------------------------------\\nPURCHASE $59.44\\n************8387 MC SWIPED\\nREF#: 556716 48786605929 Transaction\\nApproved\\n--------------------------------------\\nTAX EXEMPT ID: 0000009916\\nTAX EXEMPT TYPE: SHIPT\\n\\n0011481090924004000112\\n\\n\\n\\n\\n\\nCashier Name: Heather\\n\\n\\nDate Time Store POS Emp TRX\\n09/09/24 12:02 PM 1481 4 26908 0112\\n\\n\\nTell us about your trip for a chance to\\nWIN A $500 HY-VEE GIFT CARD!\\nVisit Hy-VeeSurvey.com\\nfor a survey and official rules.\\nNo purchase necessary to enter\\nsweepstakes.\\nwww.hy-vee.com\\nwww.hy-vee.com\\n\""], \""raw_trip_footer\"": \""-----------\\nSUBTOTAL [11] 59.44\\n-----------\\nTOTAL 59.44\\nMastercard 59.44\\n--------------------------------------\\nPURCHASE $59.44\\n************8387 MC SWIPED\\nREF#: 556716 48786605929 Transaction\\nApproved\\n--------------------------------------\\nTAX EXEMPT ID: 0000009916\\nTAX EXEMPT TYPE: SHIPT\\n0011481090924004000112\\nCashier Name: Heather\\nDate Time Store POS Emp TRX\\n09/09/24 12:02 PM 1481 4 26908 0112\\nTell us about your trip for a chance to\\nWIN A $500 HY-VEE GIFT CARD!\\nVisit Hy-VeeSurvey.com\\nfor a survey and official rules.\\nNo purchase necessary to enter\\nsweepstakes.\\nwww.hy-vee.com\\nwww.hy-vee.com\\n\"", \""raw_trip_header\"": \""MP Y E NE\\n110 S D Street\\nOskaloosa, IA 52577\\n641-673-8663\\n1481StoreManagementMail Group@Hy Vee.com\\n\"", \""register\"": {\""confidence\"": 99.986328125, \""value\"": \""26908\""}, \""store\"": {\""confidence\"": 99.986328125, \""value\"": \""4\""}, \""store_city\"": {\""confidence\"": 100, \""value\"": \""Oskaloosa\""}, \""store_state\"": {\""confidence\"": 100, \""value\"": \""IA\""}, \""store_street\"": {\""confidence\"": 100, \""value\"": \""110 South D Street\""}, \""store_zip\"": {\""confidence\"": 100, \""value\"": \""52577\""}, \""subtotal\"": {\""confidence\"": 99.97648620605469, \""value\"": 59.44}, \""time\"": {\""confidence\"": 99.9889907836914, \""value\"": \""12:02\""}, \""total\"": {\""confidence\"": 100, \""value\"": 59.44}, \""transaction\"": {\""confidence\"": 99.986328125, \""value\"": \""0112\""}, \""trip_confidence\"": 100, \""blink_receipt_id\"": \""867c7180-b3dd-49d9-aaf3-4836694e2f7e\"", \""cashback\"": 0, \""image_urls\"": [\""https://img.cdn4dd.com/cdn-cgi/image/format=auto/https://doordash-static.s3.amazonaws.com/media/photosV2/291b766e-3fd5-4bc3-b0e9-36c2a6cb4c8f-retina-large.jpeg\""], \""country_code\"": \""US\"", \""api_version\"": 14}""
  }
]"
"[
  {
    ""key"": ""unmatched_item_info"",
    ""value"": ""[]""
  },
  {
    ""key"": ""embedding_matching_df"",
    ""value"": ""{\""CAPN CRUNCH OOPS A\"": {\""Grapery Extra Large Grapes (each)\"": 0.2169000717511221, \""Giant Eagle Organic Banana (each)\"": 0.21588281346148797, \""Market District Limited Edition Premium Candy Snaps Red Seedless Grapes (1 lb)\"": 0.25617244351870827, \""Sun Chips 100% Whole Grain Snacks Original (7 oz)\"": 0.34068870936215023, \""Cap'n Crunch Sweetened Corn & Oat Cereal Oops! All Berries (10.3 oz)\"": 0.6595015560734957, \""Market District Autumn Crisp Seedless Green Grapes (32 oz)\"": 0.22028609831310836, \""Bag Fee\"": 0.0, \""Bottle Deposit aka CRV\"": 0.0, \""Unknown Item\"": 0.247190030757249}, \""BANANAS\"": {\""Grapery Extra Large Grapes (each)\"": 0.25485953839697456, \""Giant Eagle Organic Banana (each)\"": 0.42310812065943576, \""Market District Limited Edition Premium Candy Snaps Red Seedless Grapes (1 lb)\"": 0.2525345530959548, \""Sun Chips 100% Whole Grain Snacks Original (7 oz)\"": 0.21940037601658643, \""Cap'n Crunch Sweetened Corn & Oat Cereal Oops! All Berries (10.3 oz)\"": 0.2591534649393074, \""Market District Autumn Crisp Seedless Green Grapes (32 oz)\"": 0.24716777982568963, \""Bag Fee\"": 0.2955994360513058, \""Bottle Deposit aka CRV\"": 0.18041066279399587, \""Unknown Item\"": 0.13377803141871608}, \""GRAPE CANDY SNAP 1\"": {\""Grapery Extra Large Grapes (each)\"": 0.5182091850763051, \""Giant Eagle Organic Banana (each)\"": 0.2841554673590432, \""Market District Limited Edition Premium Candy Snaps Red Seedless Grapes (1 lb)\"": 0.6135832397050286, \""Sun Chips 100% Whole Grain Snacks Original (7 oz)\"": 0.313952716687309, \""Cap'n Crunch Sweetened Corn & Oat Cereal Oops! All Berries (10.3 oz)\"": 0.30578486465021093, \""Market District Autumn Crisp Seedless Green Grapes (32 oz)\"": 0.4242829027328723, \""Bag Fee\"": 0.0, \""Bottle Deposit aka CRV\"": 0.0, \""Unknown Item\"": 0.23081678215195744}, \""MD AUTCRISP PREM S\"": {\""Grapery Extra Large Grapes (each)\"": 0.23501568703686235, \""Giant Eagle Organic Banana (each)\"": 0.15556595529031977, \""Market District Limited Edition Premium Candy Snaps Red Seedless Grapes (1 lb)\"": 0.2785567194777317, \""Sun Chips 100% Whole Grain Snacks Original (7 oz)\"": 0.2081479934261359, \""Cap'n Crunch Sweetened Corn & Oat Cereal Oops! All Berries (10.3 oz)\"": 0.238082282754438, \""Market District Autumn Crisp Seedless Green Grapes (32 oz)\"": 0.28071914076374677, \""Bag Fee\"": 0.0, \""Bottle Deposit aka CRV\"": 0.0, \""Unknown Item\"": 0.2672175942844774}, \""COTTON CANDY GR\"": {\""Grapery Extra Large Grapes (each)\"": 0.39674364777986937, \""Giant Eagle Organic Banana (each)\"": 0.22120756297310507, \""Market District Limited Edition Premium Candy Snaps Red Seedless Grapes (1 lb)\"": 0.3702343658422746, \""Sun Chips 100% Whole Grain Snacks Original (7 oz)\"": 0.24671821627322513, \""Cap'n Crunch Sweetened Corn & Oat Cereal Oops! All Berries (10.3 oz)\"": 0.3101586782398785, \""Market District Autumn Crisp Seedless Green Grapes (32 oz)\"": 0.31190960891618036, \""Bag Fee\"": 0.0, \""Bottle Deposit aka CRV\"": 0.0, \""Unknown Item\"": 0.23250917206585658}, \""SUNCHIPS ORIGINAL\"": {\""Grapery Extra Large Grapes (each)\"": 0.27892738032175823, \""Giant Eagle Organic Banana (each)\"": 0.3326950806699847, \""Market District Limited Edition Premium Candy Snaps Red Seedless Grapes (1 lb)\"": 0.35887432312305234, \""Sun Chips 100% Whole Grain Snacks Original (7 oz)\"": 0.676817843305117, \""Cap'n Crunch Sweetened Corn & Oat Cereal Oops! All Berries (10.3 oz)\"": 0.3423508242899097, \""Market District Autumn Crisp Seedless Green Grapes (32 oz)\"": 0.3329018288994154, \""Bag Fee\"": 0.0, \""Bottle Deposit aka CRV\"": 0.0, \""Unknown Item\"": 0.18812398422097362}, \""BAG MED\"": {\""Grapery Extra Large Grapes (each)\"": 0.1918397583483865, \""Giant Eagle Organic Banana (each)\"": 0.17205904929789906, \""Market District Limited Edition Premium Candy Snaps Red Seedless Grapes (1 lb)\"": 0.20342052977501604, \""Sun Chips 100% Whole Grain Snacks Original (7 oz)\"": 0.17253279700331264, \""Cap'n Crunch Sweetened Corn & Oat Cereal Oops! All Berries (10.3 oz)\"": 0.15853999430327717, \""Market District Autumn Crisp Seedless Green Grapes (32 oz)\"": 0.20624957416643794, \""Bag Fee\"": 0.5669788686548023, \""Bottle Deposit aka CRV\"": 0.21291374614167877, \""Unknown Item\"": 0.1615331203395898}, \""Unknown Item\"": {\""Grapery Extra Large Grapes (each)\"": 0.22659309933991453, \""Giant Eagle Organic Banana (each)\"": 0.19041180698904267, \""Market District Limited Edition Premium Candy Snaps Red Seedless Grapes (1 lb)\"": 0.1748415860656681, \""Sun Chips 100% Whole Grain Snacks Original (7 oz)\"": 0.1632144384452116, \""Cap'n Crunch Sweetened Corn & Oat Cereal Oops! All Berries (10.3 oz)\"": 0.20447000312457514, \""Market District Autumn Crisp Seedless Green Grapes (32 oz)\"": 0.17386142013593797, \""Bag Fee\"": 0.30045181350725836, \""Bottle Deposit aka CRV\"": 0.21779990495262982, \""Unknown Item\"": 0.9990009990989842}}""
  },
  {
    ""key"": ""total_amount"",
    ""value"": ""{\""money\"": {\""unit_amount\"": 3959, \""currency\"": \""USD\"", \""display_string\"": \""None39.59\"", \""decimal_places\"": 2, \""sign\"": null, \""symbol\"": null}, \""confidence_score\"": 1.0}""
  },
  {
    ""key"": ""discount_amount"",
    ""value"": ""{\""money\"": {\""unit_amount\"": 0, \""currency\"": \""USD\"", \""display_string\"": \""None0.00\"", \""decimal_places\"": 2, \""sign\"": null, \""symbol\"": null}, \""confidence_score\"": 1.0}""
  },
  {
    ""key"": ""business_id"",
    ""value"": ""11277209""
  },
  {
    ""key"": ""subtotal_amount"",
    ""value"": ""{\""money\"": {\""unit_amount\"": 3959, \""currency\"": \""USD\"", \""display_string\"": \""None39.59\"", \""decimal_places\"": 2, \""sign\"": null, \""symbol\"": null}, \""confidence_score\"": 1.0}""
  },
  {
    ""key"": ""tax_confidence_score"",
    ""value"": ""1.0""
  },
  {
    ""key"": ""matched_item_info"",
    ""value"": ""[{\""merchant_supplied_id\"": \""RP1202630976\"", \""display_name\"": \""Cap'n Crunch Sweetened Corn & Oat Cereal Oops! All Berries (10.3 oz)\"", \""ocr_description\"": \""CAPN CRUNCH OOPS A\"", \""quantity\"": {\""value\"": 1.0}, \""price_per_unit\"": {\""unit_amount\"": 429, \""currency\"": \""USD\"", \""display_string\"": \""None4.29\"", \""decimal_places\"": 2, \""sign\"": null, \""symbol\"": null}, \""item_price\"": {\""unit_amount\"": 429, \""currency\"": \""USD\"", \""display_string\"": \""None4.29\"", \""decimal_places\"": 2, \""sign\"": null, \""symbol\"": null}, \""non_discount_price_per_unit\"": {\""unit_amount\"": 0, \""currency\"": \""USD\"", \""display_string\"": \""None0.00\"", \""decimal_places\"": 2, \""sign\"": null, \""symbol\"": null}, \""non_discount_item_price\"": {\""unit_amount\"": 0, \""currency\"": \""USD\"", \""display_string\"": \""None0.00\"", \""decimal_places\"": 2, \""sign\"": null, \""symbol\"": null}, \""sold_by_weight\"": false, \""confidence_score\"": 1.0}, {\""merchant_supplied_id\"": \""RP463036786\"", \""display_name\"": \""Giant Eagle Organic Banana (each)\"", \""ocr_description\"": \""BANANAS\"", \""quantity\"": {\""value\"": 2.83}, \""price_per_unit\"": {\""unit_amount\"": 59, \""currency\"": \""USD\"", \""display_string\"": \""None0.59\"", \""decimal_places\"": 2, \""sign\"": null, \""symbol\"": null}, \""item_price\"": {\""unit_amount\"": 167, \""currency\"": \""USD\"", \""display_string\"": \""None1.67\"", \""decimal_places\"": 2, \""sign\"": null, \""symbol\"": null}, \""non_discount_price_per_unit\"": {\""unit_amount\"": 0, \""currency\"": \""USD\"", \""display_string\"": \""None0.00\"", \""decimal_places\"": 2, \""sign\"": null, \""symbol\"": null}, \""non_discount_item_price\"": {\""unit_amount\"": 0, \""currency\"": \""USD\"", \""display_string\"": \""None0.00\"", \""decimal_places\"": 2, \""sign\"": null, \""symbol\"": null}, \""sold_by_weight\"": true, \""confidence_score\"": 1.0}, {\""merchant_supplied_id\"": \""RP1202715824\"", \""display_name\"": \""Market District Limited Edition Premium Candy Snaps Red Seedless Grapes (1 lb)\"", \""ocr_description\"": \""GRAPE CANDY SNAP 1\"", \""quantity\"": {\""value\"": 1.0}, \""price_per_unit\"": {\""unit_amount\"": 499, \""currency\"": \""USD\"", \""display_string\"": \""None4.99\"", \""decimal_places\"": 2, \""sign\"": null, \""symbol\"": null}, \""item_price\"": {\""unit_amount\"": 499, \""currency\"": \""USD\"", \""display_string\"": \""None4.99\"", \""decimal_places\"": 2, \""sign\"": null, \""symbol\"": null}, \""non_discount_price_per_unit\"": {\""unit_amount\"": 0, \""currency\"": \""USD\"", \""display_string\"": \""None0.00\"", \""decimal_places\"": 2, \""sign\"": null, \""symbol\"": null}, \""non_discount_item_price\"": {\""unit_amount\"": 0, \""currency\"": \""USD\"", \""display_string\"": \""None0.00\"", \""decimal_places\"": 2, \""sign\"": null, \""symbol\"": null}, \""sold_by_weight\"": false, \""confidence_score\"": 1.0}, {\""merchant_supplied_id\"": \""RP1202652453\"", \""display_name\"": \""Market District Autumn Crisp Seedless Green Grapes (32 oz)\"", \""ocr_description\"": \""MD AUTCRISP PREM S\"", \""quantity\"": {\""value\"": 1.0}, \""price_per_unit\"": {\""unit_amount\"": 499, \""currency\"": \""USD\"", \""display_string\"": \""None4.99\"", \""decimal_places\"": 2, \""sign\"": null, \""symbol\"": null}, \""item_price\"": {\""unit_amount\"": 499, \""currency\"": \""USD\"", \""display_string\"": \""None4.99\"", \""decimal_places\"": 2, \""sign\"": null, \""symbol\"": null}, \""non_discount_price_per_unit\"": {\""unit_amount\"": 0, \""currency\"": \""USD\"", \""display_string\"": \""None0.00\"", \""decimal_places\"": 2, \""sign\"": null, \""symbol\"": null}, \""non_discount_item_price\"": {\""unit_amount\"": 0, \""currency\"": \""USD\"", \""display_string\"": \""None0.00\"", \""decimal_places\"": 2, \""sign\"": null, \""symbol\"": null}, \""sold_by_weight\"": false, \""confidence_score\"": 1.0}, {\""merchant_supplied_id\"": \""RP1201792596\"", \""display_name\"": \""Grapery Extra Large Grapes (each)\"", \""ocr_description\"": \""COTTON CANDY GR\"", \""quantity\"": {\""value\"": 1.84}, \""price_per_unit\"": {\""unit_amount\"": 499, \""currency\"": \""USD\"", \""display_string\"": \""None4.99\"", \""decimal_places\"": 2, \""sign\"": null, \""symbol\"": null}, \""item_price\"": {\""unit_amount\"": 918, \""currency\"": \""USD\"", \""display_string\"": \""None9.18\"", \""decimal_places\"": 2, \""sign\"": null, \""symbol\"": null}, \""non_discount_price_per_unit\"": {\""unit_amount\"": 0, \""currency\"": \""USD\"", \""display_string\"": \""None0.00\"", \""decimal_places\"": 2, \""sign\"": null, \""symbol\"": null}, \""non_discount_item_price\"": {\""unit_amount\"": 0, \""currency\"": \""USD\"", \""display_string\"": \""None0.00\"", \""decimal_places\"": 2, \""sign\"": null, \""symbol\"": null}, \""sold_by_weight\"": true, \""confidence_score\"": 1.0}, {\""merchant_supplied_id\"": \""RP1201274602\"", \""display_name\"": \""Sun Chips 100% Whole Grain Snacks Original (7 oz)\"", \""ocr_description\"": \""SUNCHIPS ORIGINAL\"", \""quantity\"": {\""value\"": 3.0}, \""price_per_unit\"": {\""unit_amount\"": 479, \""currency\"": \""USD\"", \""display_string\"": \""None4.79\"", \""decimal_places\"": 2, \""sign\"": null, \""symbol\"": null}, \""item_price\"": {\""unit_amount\"": 1437, \""currency\"": \""USD\"", \""display_string\"": \""None14.37\"", \""decimal_places\"": 2, \""sign\"": null, \""symbol\"": null}, \""non_discount_price_per_unit\"": {\""unit_amount\"": 0, \""currency\"": \""USD\"", \""display_string\"": \""None0.00\"", \""decimal_places\"": 2, \""sign\"": null, \""symbol\"": null}, \""non_discount_item_price\"": {\""unit_amount\"": 0, \""currency\"": \""USD\"", \""display_string\"": \""None0.00\"", \""decimal_places\"": 2, \""sign\"": null, \""symbol\"": null}, \""sold_by_weight\"": false, \""confidence_score\"": 1.0}]""
  },
  {
    ""key"": ""bag_fee_info"",
    ""value"": ""{\""quantity\"": {\""value\"": 2.0}, \""price_per_unit\"": {\""unit_amount\"": 5, \""currency\"": \""USD\"", \""display_string\"": \""None0.05\"", \""decimal_places\"": 2, \""sign\"": null, \""symbol\"": null}, \""item_price\"": {\""unit_amount\"": 10, \""currency\"": \""USD\"", \""display_string\"": \""None0.10\"", \""decimal_places\"": 2, \""sign\"": null, \""symbol\"": null}, \""confidence_score\"": 1.0}""
  },
  {
    ""key"": ""blink_items_df"",
    ""value"": ""{\""ocr_description\"": {\""0\"": \""CAPN CRUNCH OOPS A\"", \""1\"": \""BANANAS\"", \""2\"": \""GRAPE CANDY SNAP 1\"", \""3\"": \""MD AUTCRISP PREM S\"", \""4\"": \""COTTON CANDY GR\"", \""5\"": \""SUNCHIPS ORIGINAL\"", \""6\"": \""BAG MED\"", \""7\"": \""discount_cents\"", \""8\"": \""subtotal_cents\"", \""9\"": \""total_tax_cents\"", \""10\"": \""total_cents\""}, \""quantity\"": {\""0\"": 1.0, \""1\"": 2.83, \""2\"": 1.0, \""3\"": 1.0, \""4\"": 1.84, \""5\"": 3.0, \""6\"": 2.0, \""7\"": NaN, \""8\"": NaN, \""9\"": NaN, \""10\"": NaN}, \""price_per_unit_cents\"": {\""0\"": 429.0, \""1\"": 59.0, \""2\"": 499.0, \""3\"": 499.0, \""4\"": 499.0, \""5\"": 479.0, \""6\"": 5.0, \""7\"": NaN, \""8\"": NaN, \""9\"": NaN, \""10\"": NaN}, \""item_price_cents\"": {\""0\"": 429, \""1\"": 167, \""2\"": 499, \""3\"": 499, \""4\"": 918, \""5\"": 1437, \""6\"": 10, \""7\"": 0, \""8\"": 3959, \""9\"": 0, \""10\"": 3959}}""
  },
  {
    ""key"": ""input_swipe_amount"",
    ""value"": ""3959""
  },
  {
    ""key"": ""is_legible"",
    ""value"": ""true""
  },
  {
    ""key"": ""input_item_info"",
    ""value"": ""[{\""merchant_supplied_id\"": \""RP1201792596\"", \""display_name\"": \""Grapery Extra Large Grapes (each)\"", \""scanned_barcode\"": null}, {\""merchant_supplied_id\"": \""RP463036786\"", \""display_name\"": \""Giant Eagle Organic Banana (each)\"", \""scanned_barcode\"": null}, {\""merchant_supplied_id\"": \""RP1202715824\"", \""display_name\"": \""Market District Limited Edition Premium Candy Snaps Red Seedless Grapes (1 lb)\"", \""scanned_barcode\"": null}, {\""merchant_supplied_id\"": \""RP1201274602\"", \""display_name\"": \""Sun Chips 100% Whole Grain Snacks Original (7 oz)\"", \""scanned_barcode\"": null}, {\""merchant_supplied_id\"": \""RP1202630976\"", \""display_name\"": \""Cap'n Crunch Sweetened Corn & Oat Cereal Oops! All Berries (10.3 oz)\"", \""scanned_barcode\"": null}, {\""merchant_supplied_id\"": \""RP1202652453\"", \""display_name\"": \""Market District Autumn Crisp Seedless Green Grapes (32 oz)\"", \""scanned_barcode\"": null}]""
  },
  {
    ""key"": ""url"",
    ""value"": ""\""https://img.cdn4dd.com/cdn-cgi/image/format=auto/https://doordash-static.s3.amazonaws.com/media/photosV2/2decb29e-342b-4393-98a6-e7c6e3635f6f-retina-large.jpeg\""""
  },
  {
    ""key"": ""sanity_checks"",
    ""value"": ""{\""swipe_match\"": true, \""subtotal_match\"": true, \""tax_match\"": true, \""items_length_match\"": true, \""ok_ocr_name_deduping\"": true, \""item_price_reasonableness\"": true, \""weights_look_ok\"": true, \""bag_fee_max_price\"": true, \""bottle_fee_max_price\"": true, \""bag_fee_max_count\"": true, \""bottle_fee_max_count\"": true, \""tax_vs_subtotal_sanity_check\"": true, \""has_no_unknown_items\"": true, \""has_no_missing_items\"": true, \""delivery_discounts_are_nonzero\"": true}""
  },
  {
    ""key"": ""bottle_fee_info"",
    ""value"": ""{\""quantity\"": {\""value\"": 0}, \""price_per_unit\"": {\""unit_amount\"": 0, \""currency\"": \""USD\"", \""display_string\"": \""None0.00\"", \""decimal_places\"": 2, \""sign\"": null, \""symbol\"": null}, \""item_price\"": {\""unit_amount\"": 0, \""currency\"": \""USD\"", \""display_string\"": \""None0.00\"", \""decimal_places\"": 2, \""sign\"": null, \""symbol\"": null}, \""confidence_score\"": 1.0}""
  },
  {
    ""key"": ""delivery_uuid"",
    ""value"": ""\""f0c4bf0c-8bae-3001-ae76-975ee6ad8c00\""""
  },
  {
    ""key"": ""missing_item_info"",
    ""value"": ""[]""
  },
  {
    ""key"": ""tax_amount"",
    ""value"": ""{\""money\"": {\""unit_amount\"": 0, \""currency\"": \""USD\"", \""display_string\"": \""None0.00\"", \""decimal_places\"": 2, \""sign\"": null, \""symbol\"": null}, \""confidence_score\"": 1.0}""
  },
  {
    ""key"": ""confidence_score"",
    ""value"": ""1.0""
  },
  {
    ""key"": ""raw_blink_receipt"",
    ""value"": ""{\""banner_id\"": 144, \""cardTypeFromAID\"": true, \""channel\"": {\""confidence\"": 100, \""value\"": \""Food\""}, \""date\"": {\""confidence\"": 99.97006225585938, \""value\"": \""09/08/2024\""}, \""isDigital\"": false, \""isFraudulent\"": false, \""is_blurry\"": false, \""is_instacart_shopper\"": false, \""is_receipt\"": true, \""is_screen\"": false, \""item_confidence\"": 100, \""last4cc\"": {\""confidence\"": 99.99283599853516, \""value\"": \""6166\""}, \""merchant_confidence\"": 95, \""merchant_name\"": \""Giant Eagle\"", \""ocr_confidence\"": 97.43243408203125, \""paymentMethods\"": [{\""amount\"": {\""confidence\"": 0, \""value\"": 39.59}, \""cardType\"": {\""confidence\"": 100, \""value\"": \""Mastercard\""}, \""method\"": {\""confidence\"": 99.98652648925781, \""value\"": \""Credit\""}}], \""phones\"": [{\""confidence\"": 99.99539947509766, \""value\"": \""614-923-0475\""}], \""products\"": [{\""infoLines\"": [{\""line\"": 1007, \""text\"": {\""confidence\"": 100, \""value\"": \""2.83 lb @ 0.59 /lb\""}, \""type\"": {\""confidence\"": 100, \""value\"": \""Weight\""}}], \""line\"": 1006, \""price\"": {\""confidence\"": 99.98484802246094, \""value\"": 4.29}, \""price_postfix\"": \""F\"", \""qty\"": {\""confidence\"": 0, \""value\"": 1}, \""rsd\"": {\""confidence\"": 99.94776916503906, \""original_case_value\"": \""CAPN CRUNCH OOPS A\"", \""value\"": \""CAPN CRUNCH OOPS A\""}, \""totalPrice\"": {\""confidence\"": 0, \""value\"": 4.29}}, {\""infoLines\"": [{\""line\"": 1007, \""text\"": {\""confidence\"": 100, \""value\"": \""2.83 lb @ 0.59 /lb\""}, \""type\"": {\""confidence\"": 100, \""value\"": \""Weight\""}}], \""line\"": 1008, \""price\"": {\""confidence\"": 0, \""value\"": 0.59}, \""price_postfix\"": \""F\"", \""qty\"": {\""confidence\"": 0, \""value\"": 2.83}, \""rsd\"": {\""confidence\"": 100, \""original_case_value\"": \""BANANAS\"", \""value\"": \""BANANAS\""}, \""rsd_prefix\"": \""WT \"", \""totalPrice\"": {\""confidence\"": 0, \""value\"": 1.67}, \""uom\"": {\""confidence\"": 0, \""value\"": \""lb\""}}, {\""line\"": 1009, \""price\"": {\""confidence\"": 99.99005889892578, \""value\"": 0}, \""qty\"": {\""confidence\"": 0, \""value\"": 1}, \""rsd\"": {\""confidence\"": 99.9849853515625, \""original_case_value\"": \""DD MARKETPLACE\"", \""value\"": \""DD MARKETPLACE\""}, \""rsd_postfix\"": \"" NP\"", \""rsd_prefix\"": \""MR \"", \""totalPrice\"": {\""confidence\"": 0, \""value\"": 0}}, {\""line\"": 1010, \""price\"": {\""confidence\"": 99.99178314208984, \""value\"": 4.99}, \""price_postfix\"": \""F\"", \""qty\"": {\""confidence\"": 0, \""value\"": 1}, \""rsd\"": {\""confidence\"": 99.9784927368164, \""original_case_value\"": \""GRAPE CANDY SNAP 1\"", \""value\"": \""GRAPE CANDY SNAP 1\""}, \""totalPrice\"": {\""confidence\"": 0, \""value\"": 4.99}}, {\""infoLines\"": [{\""line\"": 1012, \""text\"": {\""confidence\"": 100, \""value\"": \""1.84 lb @ 4.99 /lb\""}, \""type\"": {\""confidence\"": 100, \""value\"": \""Weight\""}}], \""line\"": 1011, \""price\"": {\""confidence\"": 99.98701477050781, \""value\"": 4.99}, \""price_postfix\"": \""F\"", \""qty\"": {\""confidence\"": 0, \""value\"": 1}, \""rsd\"": {\""confidence\"": 99.98681640625, \""original_case_value\"": \""MD AUTCRISP PREM S\"", \""value\"": \""MD AUTCRISP PREM S\""}, \""totalPrice\"": {\""confidence\"": 0, \""value\"": 4.99}}, {\""infoLines\"": [{\""line\"": 1012, \""text\"": {\""confidence\"": 100, \""value\"": \""1.84 lb @ 4.99 /lb\""}, \""type\"": {\""confidence\"": 100, \""value\"": \""Weight\""}}], \""line\"": 1013, \""price\"": {\""confidence\"": 0, \""value\"": 4.99}, \""price_postfix\"": \""F\"", \""qty\"": {\""confidence\"": 0, \""value\"": 1.84}, \""rsd\"": {\""confidence\"": 100, \""original_case_value\"": \""COTTON CANDY GR\"", \""value\"": \""COTTON CANDY GR\""}, \""rsd_prefix\"": \""WT \"", \""totalPrice\"": {\""confidence\"": 0, \""value\"": 9.18}, \""uom\"": {\""confidence\"": 0, \""value\"": \""lb\""}}, {\""line\"": 1014, \""price\"": {\""confidence\"": 99.99320983886719, \""value\"": 4.79}, \""price_postfix\"": \""F\"", \""qty\"": {\""confidence\"": 0, \""value\"": 1}, \""rsd\"": {\""confidence\"": 99.98818969726562, \""original_case_value\"": \""SUNCHIPS ORIGINAL\"", \""value\"": \""SUNCHIPS ORIGINAL\""}, \""totalPrice\"": {\""confidence\"": 0, \""value\"": 4.79}}, {\""line\"": 1015, \""price\"": {\""confidence\"": 99.98835754394531, \""value\"": 4.79}, \""price_postfix\"": \""F\"", \""qty\"": {\""confidence\"": 0, \""value\"": 1}, \""rsd\"": {\""confidence\"": 99.98475646972656, \""original_case_value\"": \""SUNCHIPS ORIGINAL\"", \""value\"": \""SUNCHIPS ORIGINAL\""}, \""totalPrice\"": {\""confidence\"": 0, \""value\"": 4.79}}, {\""infoLines\"": [{\""line\"": 1017, \""text\"": {\""confidence\"": 100, \""value\"": \""2 @ 0.05\""}, \""type\"": {\""confidence\"": 100, \""value\"": \""Quantity\""}}], \""line\"": 1016, \""price\"": {\""confidence\"": 99.9912338256836, \""value\"": 4.79}, \""price_postfix\"": \""F\"", \""qty\"": {\""confidence\"": 0, \""value\"": 1}, \""rsd\"": {\""confidence\"": 99.98794555664062, \""original_case_value\"": \""SUNCHIPS ORIGINAL\"", \""value\"": \""SUNCHIPS ORIGINAL\""}, \""totalPrice\"": {\""confidence\"": 0, \""value\"": 4.79}}, {\""infoLines\"": [{\""line\"": 1017, \""text\"": {\""confidence\"": 100, \""value\"": \""2 @ 0.05\""}, \""type\"": {\""confidence\"": 100, \""value\"": \""Quantity\""}}], \""line\"": 1018, \""price\"": {\""confidence\"": 99.9916000366211, \""value\"": 0.05}, \""qty\"": {\""confidence\"": 0, \""value\"": 2}, \""rsd\"": {\""confidence\"": 100, \""original_case_value\"": \""BAG FEE\"", \""value\"": \""BAG MED\""}, \""rsd_postfix\"": \"" NP\"", \""rsd_prefix\"": \""MR \"", \""totalPrice\"": {\""confidence\"": 0, \""value\"": 0.1}}], \""purchase_type\"": \""In-Store\"", \""raw_basket\"": \""CAPN CRUNCH OOPS A 4.29 F\\n2.83 lb @ 0.59 /lb\\nWT BANANAS 1.67 F\\nMR DD MARKETPLACENP 0.00\\nGRAPE CANDY SNAP 1 4.99 F\\nMD AUTCRISP PREM S 4.99 F\\n1.84 lb @ 4.99 /lb\\nWT COTTON CANDY GR 9.18 F\\nSUNCHIPS ORIGINAL 4.79 F\\nSUNCHIPS ORIGINAL 4.79 F\\nSUNCHIPS ORIGINAL 4.79 F\\n2 @ 0.05\\nMR BAG FEENP 0.10\\n\"", \""raw_text_array\"": [\""6504 SAWMILL\\n4747 Sawmill Road 614-923-0475\\nColumbus, OH 43235\\n\\nHelped by Teresa A\\n\\nCAPN CRUNCH OOPS A 4.29 F\\n2.83 lb @ 0.59 /lb\\nWT BANANAS 1.67 F\\nMR DD MARKETPLACE NP 0.00\\nGRAPE CANDY SNAP 1 4.99 F\\nMD AUTCRISP PREM S 4.99 F\\n1.84 lb @ 4.99 /lb\\nWT COTTON CANDY GR 9.18 F\\nSUNCHIPS ORIGINAL 4.79 F\\nSUNCHIPS ORIGINAL 4.79 F\\nSUNCHIPS ORIGINAL 4.79 F\\n2 @ 0.05\\nMR BAG FEE NP 0.10\\nTAX 0.00\\n\\n**** BALANCE 39.59\\n**************************************\\nDATE: 09/08/24 TIME: 08:00pm\\nTYPE: Purchase\\n-------------------------------------\\nACCT: MASTERCARD 39.59\\nAPPROVED\\n-------------------------------------\\n*** CARD # ************6166\\n*** REF # 51310497256 H\\n*** AUTH # 579335\\nTERMINAL: 512 -\\nAID: A0000000041010\\nTVR: 0000008001\\nTSI:\\nVERIFIED 8Y P*IN*****- ----------------\\n2Si9n-t r- Met\\n\\ne\\n\""], \""raw_trip_footer\"": \""TAX 0.00\\n**** BALANCE 39.59\\n**************************************\\nDATE: 09/08/24 TIME: 08:00pm\\nTYPE: Purchase\\n-------------------------------------\\nACCT: MASTERCARD 39.59\\nAPPROVED\\n-------------------------------------\\n*** CARD # ************6166\\n*** REF # 51310497256 H\\n*** AUTH # 579335\\nTERMINAL: 512 -\\nAID: A0000000041010\\nTVR: 0000008001\\nTSI:\\nVERIFIED 8Y P*IN*****- ----------------\\n2Si9n-t r- Met\\ne\\n\"", \""raw_trip_header\"": \""6504 SAWMILL\\n4747 Sawmill Road 614-923-0475\\nColumbus, OH 43235\\nHelped by Teresa A\\n\"", \""register\"": {\""confidence\"": 99.52490997314453, \""value\"": \""512\""}, \""store_city\"": {\""confidence\"": 100, \""value\"": \""Columbus\""}, \""store_state\"": {\""confidence\"": 100, \""value\"": \""OH\""}, \""store_street\"": {\""confidence\"": 100, \""value\"": \""4747 Sawmill Road\""}, \""store_zip\"": {\""confidence\"": 99.98909759521484, \""value\"": \""43235\""}, \""subtotal\"": {\""confidence\"": 100, \""value\"": 39.59}, \""taxes\"": {\""confidence\"": 99.99422454833984, \""value\"": 0}, \""time\"": {\""confidence\"": 99.97006225585938, \""value\"": \""20:00\""}, \""total\"": {\""confidence\"": 95, \""value\"": 39.59}, \""trip_confidence\"": 100, \""blink_receipt_id\"": \""61cda2ab-8f56-41ef-ab47-a13f25af7278\"", \""cashback\"": 0, \""image_urls\"": [\""https://img.cdn4dd.com/cdn-cgi/image/format=auto/https://doordash-static.s3.amazonaws.com/media/photosV2/2decb29e-342b-4393-98a6-e7c6e3635f6f-retina-large.jpeg\""], \""country_code\"": \""US\"", \""api_version\"": 14}""
  }
]"
